2967 4992
1226 320 1656 387 „21-

491 490 558 556 0.
600 490 913 555 Fannium
949 489 1335 571 historicum,
1381 492 1483 555 cui
1544 491 1817 556 veritatis
1864 489 2102 556 landem
2154 493 2367 558 tribuit
2394 491 2575 559 Salu-

315 604 477 665 stius
518 601 753 664 histor.·
803 602 841 664 Ι.
891 600 917 663 1
975 607 1133 664 teste
1190 601 1516 665 Victorino
1580 601 1658 665 ad
1719 601 1843 667 Cic.
1904 599 1981 664 de
2026 603 2151 668 inv.
2201 602 2263 681 1,
2297 603 2453 684 20,
2490 605 2576 673 28
2680 666 2684 670 ,

314 710 479 785 (Cic.
525 709 725 773 schol.
772 708 1024 775 ed.·0r.
1074 728 1126 790 p.
1173 707 1310 789 57),
1355 712 1548 775 semel
1592 717 1830 774 tantum
1896 713 2165 776 nominat
2211 712 2571 778 Plutarchus

313 821 402 886 Ti.
464 820 723 884 Gracch.
784 820 861 898 4,
930 820 969 884 5
1030 820 1110 883 de
1178 821 1566 905 Carthaginis
1628 823 2118 906 expugnatione:
2178 821 2286 884 καί
2339 822 2452 886 τοῦ
2495 847 2575 906 γε

317 927 564 1009 τειξχσυς
605 927 796 1008 ἐπέβη
840 930 965 991 τῶν
1008 933 1324 1009 πολεμίων
1389 931 1637 1012 πρῶτος
1706 931 1821 1013 (80.
1894 934 2023 1012 Τιβ.
2070 934 2129 995 Γ
2128 930 2231 1014 ρ.),
2291 929 2375 1006 ὥς
2418 956 2578 1018 φησι

322 1035 615 1111 Φάννιος,
661 1036 857 1119 λέγων
900 1039 1009 1102 καί
1051 1033 1206 1100 αὐτό
1215 1064 1244 1114 ς
1290 1039 1377 1124 τῷ
1431 1039 1698 1125 Τιβερύμ
1741 1041 2145 1122 συνεπιβῆναι
2188 1040 2297 1103 καί
2336 1063 2575 1122 συμμε-

312 1153 571 1226 τασχεῖν
613 1145 851 1229 ἐκείνης
897 1150 1007 1230 τῆς
1048 1141 1393 1230 ἀριστείας.
1484 1152 1857 1233 Quamquam
1903 1156 2105 1215 autem
2149 1153 2397 1232 saepius
2434 1152 2577 1216 Plu·

325 1258 603 1322 tar-chum
651 1277 729 1322 eo
778 1277 955 1323 usum
1003 1277 1147 1322 esse
1206 1261 1514 1341 suspicor,
1555 1278 1690 1323 cum
1749 1263 1850 1325 sui
1908 1262 2204 1342 temporis
2262 1262 2577 1327 historiam

311 1367 451 1430 sine
497 1367 686 1432 dubio
730 1377 1026 1434 accurate
1068 1369 1499 1451 descripserit,
1550 1377 1752 1434 tamen
1798 1371 1947 1434 nihil
2006 1374 2164 1436 certi
2222 1372 2339 1437 hac
2383 1372 2462 1436 de
2502 1390 2575 1435 re
2699 1372 2708 1379 “

312 1475 603 1541 affirmari
643 1486 868 1559 potest.
957 1478 1080 1547 Sed
1128 1479 1359 1544 Fannio
1419 1479 1634 1543 deberi
1680 1481 2091 1560 crediderim,
2151 1500 2310 1564 quae
2366 1500 2446 1545 ex
2505 1484 2576 1559 Q.

313 1587 547 1652 Metelli
590 1589 653 1652 in
697 1589 784 1654 Ti.
833 1588 1172 1653 Gracchum
1216 1590 1508 1653 oratione
1565 1590 1928 1672 deprompta
1988 1591 2279 1676 leguntur
2338 1593 2425 1657 Ti.
2473 1591 2576 1655 Gr.

317 1699 423 1779 14,
466 1698 525 1766 3.
575 1762 582 1773 ,
633 1700 785 1764 Nam
826 1706 987 1764 teste
1032 1700 1339 1763 Cicerone
1382 1700 1547 1765 Brut.
1592 1700 1716 1779 21,
1773 1700 1853 1765 81
1916 1702 2076 1766 haee
2116 1705 2249 1785 ipsa
2292 1705 2496 1769 oratio
2543 1721 2579 1766 a

311 1810 547 1875 Fannio
590 1810 908 1876 annalibus
945 1812 1180 1879 inserta
1225 1817 1378 1879 erat.
1426 1846 1507 1856 —-
1556 1812 1754 1876 Pauca
1797 1813 1957 1876 infra
2002 1811 2255 1892 addam,
2315 1832 2455 1879 cum
2497 1811 2577 1875 de

311 1920 397 1985 Ti.
438 1919 721 1986 Graccho
767 1921 1006 2003 loquar.

253 2036 258 2040 ’
487 2031 775 2113 Sequitur
835 2033 1100 2097 Clodius
1154 2033 1455 2112 Licinus,
1516 2031 1594 2096 de
1652 2052 1774 2116 quo
1835 2035 1955 2098 erit
2006 2034 2373 2113 dicendum,
2427 2037 2573 2117 quia

315 2142 526 2226 Bergk
591 2141 779 2225 (apud
817 2141 1100 2207 Buntium
1140 2144 1221 2207 de
1266 2143 1496 2228 Hygini
1560 2146 1685 2208 vita
1732 2150 1794 2211 et
1849 2146 2097 2227 scriptis
2143 2162 2201 2225 p.
2254 2143 2358 2227 10)
2406 2163 2571 2210 eun-

312 2251 453 2317 dem
521 2269 664 2317 esse
733 2254 899 2317 hunc
971 2255 1215 2321 censuit
1279 2260 1463 2335 atque
1532 2254 1820 2319 Clodium
1888 2273 1985 2337 ap.
2046 2255 2202 2342 qut.
2272 2254 2449 2321 Num.
2520 2260 2573 2337 1,
2625 2286 2632 2291 ·

321 2363 397 2442 1,,
441 2364 548 2445 qui
591 2364 841 2445 scripsit
883 2358 1139 2443 ἔλεγχον
1184 2359 1449 2444 χρόνων.
1562 2366 1678 2442 Qui
1746 2365 2000 2430 Clodius
2056 2382 2206 2428 vera
2265 2382 2423 2430 crux
2477 2371 2574 2430 est

316 2473 794 2557 philologorum.
882 2474 1036 2538 Tres
1073 2482 1277 2543 autem
1320 2482 1586 2558 praete-:r¹
1616 2475 1869 2559 Bergkii
1915 2483 2158 2539 extant·
2185 2473 2261 2539 de
2306 2494 2384 2539 eo
2432 2478 2574 2558 cpia

315 2587 535 2650 niones
561 2629 582 2664 ‚
622 2585 946 2657 ,Niebuhrii
989 2586 1130 2650 hist.
1175 2586 1350 2649 Rom.
1394 2586 1446 2650 11
1485 2603 1543 2667 p.
1579 2583 1644 2666 3,
1680 2587 1784 2668 qui
1827 2586 2126 2651 Clodium·
2149 2585 2573 2651 Plutarcheum

314 2693 580 2760 eundem
652 2713 795 2760 esse
867 2698 1178 2760 existimat
1241 2715 1315 2760 ae
1383 2696 1717 2762 Claudium
1770 2698 2302 2781 Quadriqarium,
2363 2699 2428 2763 G.
2477 2699 2573 2762 Fr.

313 2806 670 2889 Hermum,
719 2809 824 2890 qui
866 2808 1000 2874 Ser.
1045 2808 1380 2873 Claudium
1434 2827 1574 2872 eum
1631 2825 1776 2872 esse
1820 2815 2073 2888 censet,
2127 2809 2376 2873 Krausii
2416 2808 2572 2892 (vitt.

316 2928 405 2981 et·
439 2918 660 3002 fragm.
715 2920 932 2984 histor.
975 2920 1150 2984 Rom.
1193 2939 1252 3002 p.
1297 2918 1474 3002 214),
1519 2921 1622 2985 cui
1666 2919 1770 2983 hic
1828 2918 2081 2984 Clodius
2124 2921 2285 2983 idem
2331 2921 2576 2983 videtur

319 3045 488 3108 esse,
532 3030 636 3111 qui
676 3047 774 3110 ap.
802 3031 1058 3111 Appian.
1085 3031 1237 3095 Celt.
1266 3050 1321 3112 p.
1348 3027 1433 3094 36
1477 3028 1727 3112 (Bekk.)
1766 3031 2005 3095 Paulus
2036 3029 2343 3094 Claudius
2386 3046 2576 3094 voca-

321 3141 770 3221 turcuiusque
806 3139 1104 3224 χρονικαί
1140 3137 1462 3214 συντάξεις
1517 3142 1801 3205 citantur.
1858 3175 1941 3186 -
1983 3139 2189 3219 Atque
2236 3139 2571 3205 Hermanni

319 3250 565 3332 quidem
610 3253 970 3316 coniectura
1031 3253 1335 3315 minimam
1381 3252 1567 3314 hahet
1618 3252 1752 3315 veri
1803 3251 2107 3334 speciem3
2153 3258 2252 3325 est
2298 3269 2371 3315 ea
2415 3269 2572 3334 pro-

315 3363 439 3426 lata
497 3364 562 3427 in
606 3361 793 3427 indic.
854 3362 1045 3426 litter.
1087 3362 1364 3447 Gotting.
1406 3363 1576 3430 1849
1618 3382 1675 3445 p.
1745 3360 1930 3428 1460.
1966 3361 2094 3425 his:
2147 3356 2303 3426 ‘Der
2343 3359 2572 3427 ‘unbe-

316 3467 564 3538 kannte'
611 3474 868 3539 Clodius
895 3519 915 3552 ,
970 3492 1082 3539 aus
1138 3475 1439 3538 welchem
1499 3473 1786 3537 Plutarch
1846 3470 1945 3536 die
1990 3472 2407 3557 Schmiedung
2449 3492 2574 3537 un-

317 3584 537 3648 echter
575 3586 1123 3668 Familienpapiere
1166 3586 1327 3649 nach
1373 3585 1512 3649 dem
1555 3585 1900 3669 gallischen
1941 3582 2186 3648 Brande
2231 3584 2572 3662 erwaehnt5

323 3694 574 3758 duertte
629 3696 785 3759 aller
842 3696 1530 3762 Wahrseheinliehkeit.
1584 3695 1742 3758 nach
1807 3693 1919 3758 der
1976 3695 2389 3778 Zeitgenosse
2431 3713 2572 3759 -von

318 3805 543 3871 Cicero
583 3808 746 3883 sein,
785 3808 1067 3871 welchen
1108 3808 1319 3871 dieser
1363 3808 1525 3871 Fam.
1574 3809 1677 3885 1X,
1733 3810 1806 3875 16
1850 3809 2333 3873 literatissimum
2378 3820 2571 3875 neunt

319 3918 443 3981 und
504 3936 603 3982 um
662 3918 891 3982 dessen
939 3918 1221 3983 Buecher
1280 3939 1350 3984 er
1396 3924 1520 3984 Att.
1583 3924 1646 3999 l,
1705 3919 1789 3981 20
1841 3919 2149 4004 dringend
2202 3922 2386 3984 ·bittet
2444 3919 2569 4003 (his

319 4027 491 4094 libris
556 4066 631 4078 »-
682 4032 825 4095 mihi
884 4031 1281 4095 vehementer
1342 4050 1500 4113 opus
1559 4030 1680 4113 est)
1742 4065 1825 4077 —
1889 4033 2219 4115 unstreitig
2264 4034 2402 4096 weil
2449 4033 2570 4094 ihm

317 4157 398 4203 zu
457 4141 672 4205 seinen
734 4141 1153 4227 historischen
1200 4142 1764 4226 Untersuchungen
1811 4143 1968 4206 eben
2028 4144 2253 4205 dessen
2324 4138 2572 4222 ἔλεγχος

312 4244 565 4330 χρόνων
624 4271 745 4317 von
794 4254 1196 4338 Wiehtigkeit
1237 4247 1406 4318 war’.
1496 4253 1668 4317 Hunc
1709 4254 1842 4318 Ser.
1891 4253 2208 4320 Claudium
2252 4255 2384 4316 sive
2428 4251 2573 4314 Clo-
