<?xml version="1.0" encoding="UTF-8"?>
<!DOCTYPE html PUBLIC "-//W3C//DTD XHTML 1.0 Transitional//EN"
    "http://www.w3.org/TR/xhtml1/DTD/xhtml1-transitional.dtd">
<html xmlns="http://www.w3.org/1999/xhtml" xml:lang="en" lang="en">
 <head>
  <title>
</title>
<meta http-equiv="Content-Type" content="text/html;charset=utf-8" />
  <meta name='ocr-system' content='tesseract 3.04.00' />
  <meta name='ocr-capabilities' content='ocr_page ocr_carea ocr_par ocr_line ocrx_word'/>
</head>
<body>
  <div class='ocr_page' id='page_1' title='image "./devitarumplutar00klapgoog_0041.png"; bbox 0 0 2967 4992; ppageno 0'>
   <div class='ocr_carea' id='block_1_1' title="bbox 1201 222 2426 371">
    <p class='ocr_par' dir='ltr' id='par_1_1' title="bbox 1495 222 1512 235">
     <span class='ocr_line' id='line_1_1' title="bbox 1495 222 1512 235; baseline 0 0"><span class='ocrx_word' id='word_1_1' title='bbox 1495 222 1512 235; x_wconf 66' lang='grc' dir='ltr'><strong>ο</strong></span> 
     </span>
    </p>

    <p class='ocr_par' dir='ltr' id='par_1_2' title="bbox 1446 237 2417 338">
     <span class='ocr_line' id='line_1_2' title="bbox 1448 237 2386 292; baseline 0.002 -25"><span class='ocrx_word' id='word_1_2' title='bbox 1448 240 1475 283; x_wconf 62' lang='grc'><strong>·.</strong></span> <span class='ocrx_word' id='word_1_3' title='bbox 1524 237 1540 254; x_wconf 59' lang='grc' dir='ltr'><strong><em>ο</em></strong></span> <span class='ocrx_word' id='word_1_4' title='bbox 1615 256 1632 267; x_wconf 65' lang='grc' dir='ltr'><strong>ο</strong></span> <span class='ocrx_word' id='word_1_5' title='bbox 1808 251 2129 291; x_wconf 58' lang='grc' dir='ltr'><strong>.ῆη.......</strong></span> <span class='ocrx_word' id='word_1_6' title='bbox 2161 252 2210 292; x_wconf 67' lang='grc' dir='ltr'><strong>Ο.</strong></span> <span class='ocrx_word' id='word_1_7' title='bbox 2292 255 2311 272; x_wconf 70' lang='lat'>0</span> <span class='ocrx_word' id='word_1_8' title='bbox 2369 253 2386 269; x_wconf 73' lang='grc'>0</span> 
     </span>
     <span class='ocr_line' id='line_1_3' title="bbox 1446 284 2417 336; baseline -0.002 -3"><span class='ocrx_word' id='word_1_9' title='bbox 1446 312 1461 324; x_wconf 74' lang='lat'>-</span> <span class='ocrx_word' id='word_1_10' title='bbox 2013 284 2310 336; x_wconf 84' lang='lat'><strong>·:.·:·::</strong></span> <span class='ocrx_word' id='word_1_11' title='bbox 2385 284 2417 331; x_wconf 90' lang='grc'><strong>·.</strong></span> 
     </span>
    </p>

    <p class='ocr_par' dir='ltr' id='par_1_3' title="bbox 1201 302 2426 371">
     <span class='ocr_line' id='line_1_4' title="bbox 1201 302 2389 366; baseline -0.002 -16"><span class='ocrx_word' id='word_1_12' title='bbox 1201 336 1278 350; x_wconf 71' lang='lat'>-</span> <span class='ocrx_word' id='word_1_13' title='bbox 1373 302 1479 366; x_wconf 57' lang='lat'><strong>⁴350</strong></span> <span class='ocrx_word' id='word_1_14' title='bbox 1525 330 1631 361; x_wconf 51' lang='grc' dir='ltr'><strong>*ῳ</strong></span> <span class='ocrx_word' id='word_1_15' title='bbox 1945 339 1962 353; x_wconf 72' lang='lat'>0</span> <span class='ocrx_word' id='word_1_16' title='bbox 2102 334 2119 349; x_wconf 68' lang='grc' dir='ltr'><strong><em>ο</em></strong></span> <span class='ocrx_word' id='word_1_17' title='bbox 2212 331 2231 348; x_wconf 74' lang='lat'>0</span> <span class='ocrx_word' id='word_1_18' title='bbox 2373 340 2389 348; x_wconf 75' lang='lat'>-</span> 
     </span>
     <span class='ocr_line' id='line_1_5' title="bbox 1373 342 2426 371; baseline 0.002 -5"><span class='ocrx_word' id='word_1_19' title='bbox 1373 342 1386 364; x_wconf 61' lang='grc' dir='ltr'>Ο</span> <span class='ocrx_word' id='word_1_20' title='bbox 1495 354 1512 366; x_wconf 73' lang='grc' dir='ltr'><strong><em>ο</em></strong></span> <span class='ocrx_word' id='word_1_21' title='bbox 1655 350 1748 367; x_wconf 72' lang='grc' dir='ltr'><strong>οοο</strong></span> <span class='ocrx_word' id='word_1_22' title='bbox 1851 353 1869 369; x_wconf 72' lang='grc' dir='ltr'><strong>ο</strong></span> <span class='ocrx_word' id='word_1_23' title='bbox 1975 354 1995 371; x_wconf 73' lang='grc' dir='ltr'><strong>ο</strong></span> <span class='ocrx_word' id='word_1_24' title='bbox 2054 352 2073 369; x_wconf 79' lang='grc' dir='ltr'><strong><em>ο</em></strong></span> <span class='ocrx_word' id='word_1_25' title='bbox 2167 353 2186 370; x_wconf 79' lang='grc' dir='ltr'><strong><em>ο</em></strong></span> <span class='ocrx_word' id='word_1_26' title='bbox 2241 350 2258 366; x_wconf 74' lang='lat'>⁸</span> <span class='ocrx_word' id='word_1_27' title='bbox 2294 353 2346 369; x_wconf 67' lang='grc' dir='ltr'><strong>ο·</strong></span> <span class='ocrx_word' id='word_1_28' title='bbox 2407 352 2426 368; x_wconf 70' lang='lat'>0</span> 
     </span>
    </p>
   </div>
   <div class='ocr_carea' id='block_1_2' title="bbox 270 469 2550 1336">
    <p class='ocr_par' dir='ltr' id='par_1_4' title="bbox 270 469 2550 1336">
     <span class='ocr_line' id='line_1_6' title="bbox 270 469 2545 558; baseline 0.001 -22"><span class='ocrx_word' id='word_1_29' title='bbox 270 469 566 558; x_wconf 60' lang='lat' dir='ltr'><strong>epistula*</strong></span> <span class='ocrx_word' id='word_1_30' title='bbox 605 473 948 537; x_wconf 82' lang='lat' dir='ltr'><strong>scribemus</strong></span> <span class='ocrx_word' id='word_1_31' title='bbox 982 470 1117 537; x_wconf 83' lang='lat' dir='ltr'><strong>‘illa</strong></span> <span class='ocrx_word' id='word_1_32' title='bbox 1166 476 1227 536; x_wconf 88' lang='lat' dir='ltr'><strong>in</strong></span> <span class='ocrx_word' id='word_1_33' title='bbox 1272 469 1550 554; x_wconf 77' lang='lat' dir='ltr'><strong>epistula&#39;</strong></span> <span class='ocrx_word' id='word_1_34' title='bbox 1583 474 1715 558; x_wconf 84' lang='lat' dir='ltr'><strong>(illa</strong></span> <span class='ocrx_word' id='word_1_35' title='bbox 1756 474 1814 537; x_wconf 89' lang='lat' dir='ltr'><strong>h.</strong></span> <span class='ocrx_word' id='word_1_36' title='bbox 1850 493 1905 537; x_wconf 85' lang='lat' dir='ltr'><strong>c.</strong></span> <span class='ocrx_word' id='word_1_37' title='bbox 1949 473 2181 556; x_wconf 86' lang='lat' dir='ltr'><strong>mater)</strong></span> <span class='ocrx_word' id='word_1_38' title='bbox 2208 473 2276 556; x_wconf 88' lang='lat'><strong>¹).</strong></span> <span class='ocrx_word' id='word_1_39' title='bbox 2329 470 2545 539; x_wconf 86' lang='lat' dir='ltr'><strong>‘Suom</strong></span> 
     </span>
     <span class='ocr_line' id='line_1_7' title="bbox 273 578 2550 668; baseline 0 -19"><span class='ocrx_word' id='word_1_40' title='bbox 273 593 601 666; x_wconf 86' lang='lat' dir='ltr'><strong>parentem</strong></span> <span class='ocrx_word' id='word_1_41' title='bbox 649 578 824 647; x_wconf 82' lang='lat' dir='ltr'><strong>amat‘</strong></span> <span class='ocrx_word' id='word_1_42' title='bbox 868 586 949 647; x_wconf 85' lang='lat' dir='ltr'><strong>de</strong></span> <span class='ocrx_word' id='word_1_43' title='bbox 993 602 1106 647; x_wconf 89' lang='lat' dir='ltr'><strong>sua</strong></span> <span class='ocrx_word' id='word_1_44' title='bbox 1153 593 1346 648; x_wconf 89' lang='lat' dir='ltr'><strong>matre</strong></span> <span class='ocrx_word' id='word_1_45' title='bbox 1393 589 1597 668; x_wconf 89' lang='lat' dir='ltr'><strong>potuit</strong></span> <span class='ocrx_word' id='word_1_46' title='bbox 1641 587 1875 665; x_wconf 77' lang='lat' dir='ltr'><strong>dicere,</strong></span> <span class='ocrx_word' id='word_1_47' title='bbox 1920 589 1971 648; x_wconf 89' lang='lat' dir='ltr'><strong>si</strong></span> <span class='ocrx_word' id='word_1_48' title='bbox 2019 585 2098 648; x_wconf 84' lang='lat' dir='ltr'><strong>de</strong></span> <span class='ocrx_word' id='word_1_49' title='bbox 2133 603 2205 648; x_wconf 82' lang='lat' dir='ltr'><strong>se</strong></span> <span class='ocrx_word' id='word_1_50' title='bbox 2251 588 2388 666; x_wconf 82' lang='lat' dir='ltr'><strong>ipso</strong></span> <span class='ocrx_word' id='word_1_51' title='bbox 2418 592 2550 649; x_wconf 90' lang='lat' dir='ltr'><strong>ter-</strong></span> 
     </span>
     <span class='ocr_line' id='line_1_8' title="bbox 276 696 2549 778; baseline 0.002 -20"><span class='ocrx_word' id='word_1_52' title='bbox 276 699 421 759; x_wconf 84' lang='lat' dir='ltr'><strong>tiam</strong></span> <span class='ocrx_word' id='word_1_53' title='bbox 484 713 813 775; x_wconf 85' lang='lat' dir='ltr'><strong>personam</strong></span> <span class='ocrx_word' id='word_1_54' title='bbox 871 696 1140 760; x_wconf 87' lang='lat' dir='ltr'><strong>adhibuit</strong></span> <span class='ocrx_word' id='word_1_55' title='bbox 1197 703 1345 759; x_wconf 88' lang='lat' dir='ltr'><strong>nolo</strong></span> <span class='ocrx_word' id='word_1_56' title='bbox 1393 697 1801 761; x_wconf 87' lang='lat' dir='ltr'><strong>Romanorum</strong></span> <span class='ocrx_word' id='word_1_57' title='bbox 1850 713 2001 774; x_wconf 87' lang='lat' dir='ltr'><strong>usu,</strong></span> <span class='ocrx_word' id='word_1_58' title='bbox 2060 697 2139 761; x_wconf 76' lang='lat' dir='ltr'><strong>cl,</strong></span> <span class='ocrx_word' id='word_1_59' title='bbox 2194 696 2549 778; x_wconf 84' lang='lat' dir='ltr'><strong>Nipperdei.</strong></span> 
     </span>
     <span class='ocr_line' id='line_1_9' title="bbox 287 808 2550 888; baseline 0.001 -20"><span class='ocrx_word' id='word_1_60' title='bbox 287 809 321 869; x_wconf 91' lang='lat' dir='ltr'><strong>l.</strong></span> <span class='ocrx_word' id='word_1_61' title='bbox 367 825 399 868; x_wconf 87' lang='lat' dir='ltr'><strong>s</strong></span> <span class='ocrx_word' id='word_1_62' title='bbox 462 827 510 869; x_wconf 88' lang='lat' dir='ltr'><strong>s.</strong></span> <span class='ocrx_word' id='word_1_63' title='bbox 561 826 618 888; x_wconf 85' lang='lat' dir='ltr'><strong>p.</strong></span> <span class='ocrx_word' id='word_1_64' title='bbox 660 808 768 872; x_wconf 79' lang='lat'><strong>97.</strong></span> <span class='ocrx_word' id='word_1_65' title='bbox 863 809 927 870; x_wconf 89' lang='lat' dir='ltr'><strong>ln</strong></span> <span class='ocrx_word' id='word_1_66' title='bbox 977 810 1186 870; x_wconf 85' lang='lat' dir='ltr'><strong>matris</strong></span> <span class='ocrx_word' id='word_1_67' title='bbox 1234 815 1432 870; x_wconf 88' lang='lat' dir='ltr'><strong>aulem</strong></span> <span class='ocrx_word' id='word_1_68' title='bbox 1498 809 1869 871; x_wconf 74' lang='lat' dir='ltr'><strong>mentionem</strong></span> <span class='ocrx_word' id='word_1_69' title='bbox 1916 809 2099 870; x_wconf 80' lang='lat' dir='ltr'><strong>facite</strong></span> <span class='ocrx_word' id='word_1_70' title='bbox 2141 809 2203 871; x_wconf 88' lang='lat' dir='ltr'><strong>in</strong></span> <span class='ocrx_word' id='word_1_71' title='bbox 2262 809 2550 870; x_wconf 85' lang='lat' dir='ltr'><strong>oratione</strong></span> 
     </span>
     <span class='ocr_line' id='line_1_10' title="bbox 279 917 2548 1001; baseline 0 -21"><span class='ocrx_word' id='word_1_72' title='bbox 279 920 477 997; x_wconf 78' lang='lat' dir='ltr'><strong>aliqua</strong></span> <span class='ocrx_word' id='word_1_73' title='bbox 534 919 816 981; x_wconf 80' lang='lat' dir='ltr'>incidere</span> <span class='ocrx_word' id='word_1_74' title='bbox 886 921 1131 1001; x_wconf 82' lang='lat' dir='ltr'><strong>potuit,</strong></span> <span class='ocrx_word' id='word_1_75' title='bbox 1196 927 1262 982; x_wconf 88' lang='lat' dir='ltr'><strong>ut</strong></span> <span class='ocrx_word' id='word_1_76' title='bbox 1321 921 1686 983; x_wconf 72' lang='lat' dir='ltr'><strong>factumest</strong></span> <span class='ocrx_word' id='word_1_77' title='bbox 1748 937 1843 1000; x_wconf 79' lang='lat' dir='ltr'><strong>ap.</strong></span> <span class='ocrx_word' id='word_1_78' title='bbox 1905 919 2060 983; x_wconf 83' lang='lat' dir='ltr'><strong>Plnl.</strong></span> <span class='ocrx_word' id='word_1_79' title='bbox 2104 918 2171 982; x_wconf 82' lang='lat' dir='ltr'><strong>C.</strong></span> <span class='ocrx_word' id='word_1_80' title='bbox 2219 918 2318 981; x_wconf 89' lang='lat' dir='ltr'><strong>Gr.</strong></span> <span class='ocrx_word' id='word_1_81' title='bbox 2366 918 2441 996; x_wconf 89' lang='grc'><strong>4,</strong></span> <span class='ocrx_word' id='word_1_82' title='bbox 2485 917 2548 982; x_wconf 86' lang='grc'><strong>2.</strong></span> 
     </span>
     <span class='ocr_line' id='line_1_11' title="bbox 283 1029 2548 1111; baseline 0.001 -21"><span class='ocrx_word' id='word_1_83' title='bbox 283 1030 492 1108; x_wconf 78' lang='lat' dir='ltr'><strong>ltaque</strong></span> <span class='ocrx_word' id='word_1_84' title='bbox 536 1031 628 1090; x_wconf 87' lang='lat' dir='ltr'><strong>sic</strong></span> <span class='ocrx_word' id='word_1_85' title='bbox 669 1029 937 1092; x_wconf 80' lang='lat' dir='ltr'><strong>fortasse</strong></span> <span class='ocrx_word' id='word_1_86' title='bbox 984 1030 1302 1093; x_wconf 76' lang='lat' dir='ltr'><strong>Gracchus</strong></span> <span class='ocrx_word' id='word_1_87' title='bbox 1356 1032 1601 1093; x_wconf 84' lang='lat' dir='ltr'><strong>loculus</strong></span> <span class='ocrx_word' id='word_1_88' title='bbox 1644 1037 1770 1093; x_wconf 74' lang='lat' dir='ltr'><strong>cst:</strong></span> <span class='ocrx_word' id='word_1_89' title='bbox 1820 1030 2165 1094; x_wconf 74' lang='lat' dir='ltr'><strong>‘Gracchus</strong></span> <span class='ocrx_word' id='word_1_90' title='bbox 2210 1048 2384 1092; x_wconf 85' lang='lat' dir='ltr'><strong>suom</strong></span> <span class='ocrx_word' id='word_1_91' title='bbox 2428 1048 2548 1111; x_wconf 88' lang='lat' dir='ltr'><strong>pa-</strong></span> 
     </span>
     <span class='ocr_line' id='line_1_12' title="bbox 277 1130 2546 1222; baseline 0.002 -22"><span class='ocrx_word' id='word_1_92' title='bbox 277 1145 514 1202; x_wconf 80' lang='lat' dir='ltr'><strong>rentem</strong></span> <span class='ocrx_word' id='word_1_93' title='bbox 576 1130 768 1204; x_wconf 82' lang='lat' dir='ltr'><strong>amat&#39;.</strong></span> <span class='ocrx_word' id='word_1_94' title='bbox 848 1134 1006 1203; x_wconf 81' lang='lat' dir='ltr'><strong>‘llle‘</strong></span> <span class='ocrx_word' id='word_1_95' title='bbox 1055 1160 1391 1220; x_wconf 59' lang='lat' dir='ltr'><strong>pronomen</strong></span> <span class='ocrx_word' id='word_1_96' title='bbox 1453 1145 1544 1202; x_wconf 76' lang='lat' dir='ltr'><strong>sic</strong></span> <span class='ocrx_word' id='word_1_97' title='bbox 1604 1145 1865 1222; x_wconf 84' lang='lat' dir='ltr'><strong>positum</strong></span> <span class='ocrx_word' id='word_1_98' title='bbox 1915 1163 1967 1206; x_wconf 87' lang='lat' dir='ltr'><strong>v.</strong></span> <span class='ocrx_word' id='word_1_99' title='bbox 2016 1142 2162 1208; x_wconf 86' lang='lat' dir='ltr'><strong>Hor.</strong></span> <span class='ocrx_word' id='word_1_100' title='bbox 2212 1159 2343 1222; x_wconf 71' lang='lat' dir='ltr'><strong>epp.</strong></span> <span class='ocrx_word' id='word_1_101' title='bbox 2395 1142 2440 1218; x_wconf 88' lang='lat'><strong>1,</strong></span> <span class='ocrx_word' id='word_1_102' title='bbox 2482 1140 2546 1219; x_wconf 86' lang='lat'><strong>2,</strong></span> 
     </span>
     <span class='ocr_line' id='line_1_13' title="bbox 277 1250 2543 1336; baseline 0 -22"><span class='ocrx_word' id='word_1_103' title='bbox 277 1250 381 1316; x_wconf 82' lang='lat'><strong>42.</strong></span> <span class='ocrx_word' id='word_1_104' title='bbox 470 1250 626 1325; x_wconf 84' lang='lat' dir='ltr'><strong>Quid</strong></span> <span class='ocrx_word' id='word_1_105' title='bbox 690 1252 944 1314; x_wconf 80' lang='lat' dir='ltr'><strong>dixisset</strong></span> <span class='ocrx_word' id='word_1_106' title='bbox 990 1253 1309 1316; x_wconf 76' lang='lat' dir='ltr'><strong>Gracchus</strong></span> <span class='ocrx_word' id='word_1_107' title='bbox 1366 1256 1426 1314; x_wconf 91' lang='lat' dir='ltr'><strong>in</strong></span> <span class='ocrx_word' id='word_1_108' title='bbox 1483 1254 1937 1336; x_wconf 84' lang='lat' dir='ltr'><strong>significatione</strong></span> <span class='ocrx_word' id='word_1_109' title='bbox 1982 1253 2190 1316; x_wconf 87' lang='lat' dir='ltr'><strong>matris</strong></span> <span class='ocrx_word' id='word_1_110' title='bbox 2234 1253 2376 1314; x_wconf 89' lang='lat' dir='ltr'><strong>addi</strong></span> <span class='ocrx_word' id='word_1_111' title='bbox 2422 1269 2543 1314; x_wconf 90' lang='lat' dir='ltr'><strong>non</strong></span> 
     </span>
    </p>
   </div>
   <div class='ocr_carea' id='block_1_3' title="bbox 152 1360 2546 1447">
    <p class='ocr_par' dir='ltr' id='par_1_5' title="bbox 152 1360 2546 1447">
     <span class='ocr_line' id='line_1_14' title="bbox 152 1360 2546 1447; baseline -0.002 -17"><span class='ocrx_word' id='word_1_112' title='bbox 152 1360 161 1363; x_wconf 39' lang='lat'><em>⁴</em></span> <span class='ocrx_word' id='word_1_113' title='bbox 280 1383 437 1447; x_wconf 82' lang='lat' dir='ltr'><strong>opus</strong></span> <span class='ocrx_word' id='word_1_114' title='bbox 489 1370 642 1442; x_wconf 89' lang='lat' dir='ltr'><strong>erat,</strong></span> <span class='ocrx_word' id='word_1_115' title='bbox 682 1365 824 1443; x_wconf 82' lang='lat' dir='ltr'><strong>quia</strong></span> <span class='ocrx_word' id='word_1_116' title='bbox 885 1365 1038 1424; x_wconf 87' lang='lat' dir='ltr'><strong>satis</strong></span> <span class='ocrx_word' id='word_1_117' title='bbox 1094 1363 1272 1442; x_wconf 86' lang='lat' dir='ltr'><strong>plane</strong></span> <span class='ocrx_word' id='word_1_118' title='bbox 1320 1381 1397 1424; x_wconf 79' lang='lat' dir='ltr'><strong>ex</strong></span> <span class='ocrx_word' id='word_1_119' title='bbox 1451 1380 1697 1424; x_wconf 82' lang='lat' dir='ltr'><strong>conexu</strong></span> <span class='ocrx_word' id='word_1_120' title='bbox 1754 1365 2107 1444; x_wconf 68' lang='lat' dir='ltr'><strong>apparebat.</strong></span> <span class='ocrx_word' id='word_1_121' title='bbox 2177 1365 2295 1426; x_wconf 86' lang='lat' dir='ltr'><strong>-lta</strong></span> <span class='ocrx_word' id='word_1_122' title='bbox 2360 1366 2546 1447; x_wconf 79' lang='lat' dir='ltr'><strong>igitur</strong></span> 
     </span>
    </p>
   </div>
   <div class='ocr_carea' id='block_1_4' title="bbox 264 1473 2545 3558">
    <p class='ocr_par' dir='ltr' id='par_1_6' title="bbox 268 1473 2544 1781">
     <span class='ocr_line' id='line_1_15' title="bbox 276 1473 2544 1556; baseline -0.001 -16"><span class='ocrx_word' id='word_1_123' title='bbox 276 1475 673 1541; x_wconf 86' lang='lat' dir='ltr'><strong>scribendum</strong></span> <span class='ocrx_word' id='word_1_124' title='bbox 721 1491 986 1536; x_wconf 86' lang='lat' dir='ltr'><strong>censeo:</strong></span> <span class='ocrx_word' id='word_1_125' title='bbox 1034 1479 1129 1554; x_wconf 83' lang='lat' dir='ltr'><strong>„et</strong></span> <span class='ocrx_word' id='word_1_126' title='bbox 1171 1473 1492 1536; x_wconf 80' lang='lat' dir='ltr'><strong>Gracchus</strong></span> <span class='ocrx_word' id='word_1_127' title='bbox 1543 1473 1942 1556; x_wconf 89' lang='lat' dir='ltr'><strong>‘(Gracchus)</strong></span> <span class='ocrx_word' id='word_1_128' title='bbox 2001 1491 2178 1537; x_wconf 91' lang='lat' dir='ltr'><strong>suom</strong></span> <span class='ocrx_word' id='word_1_129' title='bbox 2225 1480 2544 1555; x_wconf 77' lang='lat' dir='ltr'><strong>parentem</strong></span> 
     </span>
     <span class='ocr_line' id='line_1_16' title="bbox 279 1580 2544 1668; baseline -0.001 -18"><span class='ocrx_word' id='word_1_130' title='bbox 279 1580 479 1665; x_wconf 86' lang='lat' dir='ltr'><strong>amat’,</strong></span> <span class='ocrx_word' id='word_1_131' title='bbox 542 1605 680 1649; x_wconf 89' lang='lat' dir='ltr'><strong>cum</strong></span> <span class='ocrx_word' id='word_1_132' title='bbox 740 1586 892 1648; x_wconf 88' lang='lat' dir='ltr'><strong>dicit</strong></span> <span class='ocrx_word' id='word_1_133' title='bbox 935 1588 993 1645; x_wconf 90' lang='lat' dir='ltr'><strong>in</strong></span> <span class='ocrx_word' id='word_1_134' title='bbox 1048 1585 1510 1667; x_wconf 80' lang='lat' dir='ltr'><strong>significatione</strong></span> <span class='ocrx_word' id='word_1_135' title='bbox 1571 1587 1820 1664; x_wconf 84' lang='lat' dir='ltr'><strong>matris,</strong></span> <span class='ocrx_word' id='word_1_136' title='bbox 1882 1592 1944 1647; x_wconf 88' lang='lat' dir='ltr'><strong>et</strong></span> <span class='ocrx_word' id='word_1_137' title='bbox 2006 1587 2106 1649; x_wconf 85' lang='lat' dir='ltr'><strong>illa</strong></span> <span class='ocrx_word' id='word_1_138' title='bbox 2172 1588 2231 1647; x_wconf 88' lang='lat' dir='ltr'><strong>in</strong></span> <span class='ocrx_word' id='word_1_139' title='bbox 2281 1586 2544 1668; x_wconf 83' lang='lat' dir='ltr'><strong>epistula</strong></span> 
     </span>
     <span class='ocr_line' id='line_1_17' title="bbox 268 1691 1954 1781; baseline 0.001 -22"><span class='ocrx_word' id='word_1_140' title='bbox 268 1694 446 1763; x_wconf 84' lang='lat' dir='ltr'><strong>‘tuus</strong></span> <span class='ocrx_word' id='word_1_141' title='bbox 486 1716 715 1781; x_wconf 88' lang='lat' dir='ltr'><strong>parens</strong></span> <span class='ocrx_word' id='word_1_142' title='bbox 761 1691 912 1760; x_wconf 86' lang='lat' dir='ltr'><strong>sum&#39;</strong></span> <span class='ocrx_word' id='word_1_143' title='bbox 956 1698 1058 1774; x_wconf 81' lang='lat' dir='ltr'><strong>ait,</strong></span> <span class='ocrx_word' id='word_1_144' title='bbox 1108 1714 1246 1757; x_wconf 90' lang='lat' dir='ltr'><strong>cum</strong></span> <span class='ocrx_word' id='word_1_145' title='bbox 1293 1695 1370 1756; x_wconf 89' lang='lat' dir='ltr'><strong>de</strong></span> <span class='ocrx_word' id='word_1_146' title='bbox 1415 1713 1486 1758; x_wconf 86' lang='lat' dir='ltr'><strong>se</strong></span> <span class='ocrx_word' id='word_1_147' title='bbox 1539 1697 1954 1778; x_wconf 64' lang='lat' dir='ltr'><strong>loquereturf‘</strong></span> 
     </span>
    </p>

    <p class='ocr_par' dir='ltr' id='par_1_7' title="bbox 264 1788 2545 3558">
     <span class='ocr_line' id='line_1_18' title="bbox 451 1788 2542 1890; baseline -0 -16"><span class='ocrx_word' id='word_1_148' title='bbox 451 1811 684 1874; x_wconf 74' lang='lat' dir='ltr'><strong>Tiberii</strong></span> <span class='ocrx_word' id='word_1_149' title='bbox 726 1827 974 1889; x_wconf 67' lang='lat' dir='ltr'><strong>quoquc</strong></span> <span class='ocrx_word' id='word_1_150' title='bbox 1019 1788 1296 1870; x_wconf 75' lang='lat' dir='ltr'><strong>Gracchi</strong></span> <span class='ocrx_word' id='word_1_151' title='bbox 1342 1808 1688 1884; x_wconf 79' lang='lat' dir='ltr'><strong>orationes,</strong></span> <span class='ocrx_word' id='word_1_152' title='bbox 1750 1825 1905 1887; x_wconf 83' lang='lat' dir='ltr'><strong>quas</strong></span> <span class='ocrx_word' id='word_1_153' title='bbox 1953 1827 2075 1870; x_wconf 86' lang='lat' dir='ltr'><strong>non</strong></span> <span class='ocrx_word' id='word_1_154' title='bbox 2121 1811 2316 1870; x_wconf 83' lang='lat' dir='ltr'><strong>minus</strong></span> <span class='ocrx_word' id='word_1_155' title='bbox 2364 1827 2542 1890; x_wconf 86' lang='lat' dir='ltr'><strong>quam</strong></span> 
     </span>
     <span class='ocr_line' id='line_1_19' title="bbox 275 1918 2544 1997; baseline 0.001 -15"><span class='ocrx_word' id='word_1_156' title='bbox 275 1922 388 1983; x_wconf 88' lang='lat' dir='ltr'><strong>Gai</strong></span> <span class='ocrx_word' id='word_1_157' title='bbox 448 1921 508 1981; x_wconf 92' lang='lat' dir='ltr'><strong>in</strong></span> <span class='ocrx_word' id='word_1_158' title='bbox 557 1922 840 1983; x_wconf 88' lang='lat' dir='ltr'><strong>manibus</strong></span> <span class='ocrx_word' id='word_1_159' title='bbox 889 1920 1196 1982; x_wconf 84' lang='lat' dir='ltr'><strong>hominum</strong></span> <span class='ocrx_word' id='word_1_160' title='bbox 1247 1919 1443 1983; x_wconf 76' lang='lat' dir='ltr'><strong>fuisse</strong></span> <span class='ocrx_word' id='word_1_161' title='bbox 1490 1919 1831 1982; x_wconf 81' lang='lat' dir='ltr'><strong>ostendunt</strong></span> <span class='ocrx_word' id='word_1_162' title='bbox 1876 1918 2000 1982; x_wconf 86' lang='lat' dir='ltr'><strong>Cic.</strong></span> <span class='ocrx_word' id='word_1_163' title='bbox 2050 1919 2199 1981; x_wconf 88' lang='lat' dir='ltr'><strong>Brut</strong></span> <span class='ocrx_word' id='word_1_164' title='bbox 2262 1920 2369 1997; x_wconf 83' lang='lat'><strong>27,</strong></span> <span class='ocrx_word' id='word_1_165' title='bbox 2418 1920 2544 1985; x_wconf 83' lang='grc'>104</span> 
     </span>
     <span class='ocr_line' id='line_1_20' title="bbox 274 2030 2543 2110; baseline 0.001 -17"><span class='ocrx_word' id='word_1_166' title='bbox 274 2039 337 2094; x_wconf 91' lang='lat' dir='ltr'><strong>et</strong></span> <span class='ocrx_word' id='word_1_167' title='bbox 390 2033 533 2095; x_wconf 89' lang='lat' dir='ltr'><strong>Plin</strong></span> <span class='ocrx_word' id='word_1_168' title='bbox 582 2030 746 2110; x_wconf 83' lang='lat' dir='ltr'><strong>xm,</strong></span> <span class='ocrx_word' id='word_1_169' title='bbox 786 2032 893 2106; x_wconf 84' lang='lat'><strong>26,</strong></span> <span class='ocrx_word' id='word_1_170' title='bbox 925 2031 1033 2107; x_wconf 81' lang='lat'><strong>83,</strong></span> <span class='ocrx_word' id='word_1_171' title='bbox 1079 2031 1410 2093; x_wconf 74' lang='lat' dir='ltr'><strong>Plutarcho</strong></span> <span class='ocrx_word' id='word_1_172' title='bbox 1458 2037 1635 2095; x_wconf 88' lang='lat' dir='ltr'><strong>notas</strong></span> <span class='ocrx_word' id='word_1_173' title='bbox 1682 2031 1878 2094; x_wconf 82' lang='lat' dir='ltr'><strong>fuisse</strong></span> <span class='ocrx_word' id='word_1_174' title='bbox 1924 2032 2119 2110; x_wconf 85' lang='lat' dir='ltr'><strong>ipsius</strong></span> <span class='ocrx_word' id='word_1_175' title='bbox 2167 2033 2354 2095; x_wconf 83' lang='lat' dir='ltr'><strong>verba</strong></span> <span class='ocrx_word' id='word_1_176' title='bbox 2400 2051 2543 2096; x_wconf 85' lang='lat' dir='ltr'><strong>cer-</strong></span> 
     </span>
     <span class='ocr_line' id='line_1_21' title="bbox 275 2136 2543 2224; baseline 0 -21"><span class='ocrx_word' id='word_1_177' title='bbox 275 2146 472 2205; x_wconf 80' lang='lat' dir='ltr'><strong>tiores</strong></span> <span class='ocrx_word' id='word_1_178' title='bbox 516 2161 632 2205; x_wconf 88' lang='lat' dir='ltr'><strong>nos</strong></span> <span class='ocrx_word' id='word_1_179' title='bbox 678 2143 913 2206; x_wconf 86' lang='lat' dir='ltr'><strong>faciunt</strong></span> <span class='ocrx_word' id='word_1_180' title='bbox 959 2143 1049 2204; x_wconf 81' lang='lat' dir='ltr'><strong>&#39;ri</strong></span> <span class='ocrx_word' id='word_1_181' title='bbox 1077 2142 1179 2205; x_wconf 90' lang='lat' dir='ltr'><strong>Gr.</strong></span> <span class='ocrx_word' id='word_1_182' title='bbox 1230 2139 1330 2220; x_wconf 70' lang='lat'><strong>15,</strong></span> <span class='ocrx_word' id='word_1_183' title='bbox 1380 2142 1449 2204; x_wconf 85' lang='lat'><strong>1:</strong></span> <span class='ocrx_word' id='word_1_184' title='bbox 1499 2140 1688 2219; x_wconf 80' lang='grc' dir='ltr'><strong><em>λόγον</em></strong></span> <span class='ocrx_word' id='word_1_185' title='bbox 1729 2139 1796 2203; x_wconf 79' lang='grc' dir='ltr'><strong>ἐν</strong></span> <span class='ocrx_word' id='word_1_186' title='bbox 1836 2142 1924 2199; x_wconf 77' lang='grc' dir='ltr'><strong>τσῦ</strong></span> <span class='ocrx_word' id='word_1_187' title='bbox 1985 2136 2163 2224; x_wconf 62' lang='grc' dir='ltr'><strong>δι’,μῳ</strong></span> <span class='ocrx_word' id='word_1_188' title='bbox 2204 2139 2543 2219; x_wconf 73' lang='grc' dir='ltr'><strong>ὁιεξῆλθει,</strong></span> 
     </span>
     <span class='ocr_line' id='line_1_22' title="bbox 274 2243 2545 2333; baseline -0.001 -19"><span class='ocrx_word' id='word_1_189' title='bbox 274 2243 348 2315; x_wconf 81' lang='grc' dir='ltr'><strong>οὗ</strong></span> <span class='ocrx_word' id='word_1_190' title='bbox 392 2249 592 2333; x_wconf 79' lang='grc' dir='ltr'><em>μικρὰ</em></span> <span class='ocrx_word' id='word_1_191' title='bbox 645 2251 1042 2333; x_wconf 71' lang='grc' dir='ltr'><em>παραθέσθαι</em></span> <span class='ocrx_word' id='word_1_192' title='bbox 1085 2252 1212 2315; x_wconf 75' lang='grc' dir='ltr'><strong>τῶν</strong></span> <span class='ocrx_word' id='word_1_193' title='bbox 1258 2249 1756 2331; x_wconf 64' lang='grc' dir='ltr'><strong>ἑπιχειρημάιωι</strong></span> <span class='ocrx_word' id='word_1_194' title='bbox 1801 2248 1918 2310; x_wconf 64' lang='grc' dir='ltr'><strong>οὐκ</strong></span> <span class='ocrx_word' id='word_1_195' title='bbox 1960 2245 2195 2312; x_wconf 76' lang='grc' dir='ltr'><em>ἄτοποι</em></span> <span class='ocrx_word' id='word_1_196' title='bbox 2256 2275 2348 2329; x_wconf 70' lang='grc' dir='ltr'><strong>ηι,</strong></span> <span class='ocrx_word' id='word_1_197' title='bbox 2389 2273 2473 2322; x_wconf 79' lang='grc' dir='ltr'><strong>ω,</strong></span> <span class='ocrx_word' id='word_1_198' title='bbox 2468 2272 2545 2311; x_wconf 84' lang='grc' dir='ltr'><strong>τε</strong></span> 
     </span>
     <span class='ocr_line' id='line_1_23' title="bbox 271 2357 2543 2443; baseline 0.001 -23"><span class='ocrx_word' id='word_1_199' title='bbox 271 2358 699 2443; x_wconf 73' lang='grc' dir='ltr'><em>ν’πονοηθῆιαι</em></span> <span class='ocrx_word' id='word_1_200' title='bbox 747 2386 857 2440; x_wconf 77' lang='grc' dir='ltr'><strong>την</strong></span> <span class='ocrx_word' id='word_1_201' title='bbox 902 2360 1288 2442; x_wconf 75' lang='grc' dir='ltr'><em>πιθανότητα</em></span> <span class='ocrx_word' id='word_1_202' title='bbox 1334 2383 1435 2421; x_wconf 83' lang='grc' dir='ltr'><strong>και</strong></span> <span class='ocrx_word' id='word_1_203' title='bbox 1484 2357 1837 2442; x_wconf 68' lang='grc' dir='ltr'><strong><em>ππκνότητα</em></strong></span> <span class='ocrx_word' id='word_1_204' title='bbox 1895 2363 2007 2422; x_wconf 71' lang='grc' dir='ltr'><strong>ταῦ</strong></span> <span class='ocrx_word' id='word_1_205' title='bbox 2050 2357 2294 2441; x_wconf 78' lang='grc' dir='ltr'><strong>ἀνὸυός.</strong></span> <span class='ocrx_word' id='word_1_206' title='bbox 2383 2359 2543 2423; x_wconf 77' lang='lat' dir='ltr'><strong>Nat·-</strong></span> 
     </span>
     <span class='ocr_line' id='line_1_24' title="bbox 269 2472 2541 2554; baseline 0 -21"><span class='ocrx_word' id='word_1_207' title='bbox 269 2479 366 2534; x_wconf 85' lang='lat' dir='ltr'><strong>rat</strong></span> <span class='ocrx_word' id='word_1_208' title='bbox 425 2472 651 2534; x_wconf 79' lang='lat' dir='ltr'><strong>deinde</strong></span> <span class='ocrx_word' id='word_1_209' title='bbox 711 2472 1071 2534; x_wconf 71' lang='lat' dir='ltr'><strong>Plutarchus</strong></span> <span class='ocrx_word' id='word_1_210' title='bbox 1121 2491 1412 2536; x_wconf 88' lang='lat' dir='ltr'><strong>summam</strong></span> <span class='ocrx_word' id='word_1_211' title='bbox 1475 2474 1611 2534; x_wconf 81' lang='lat' dir='ltr'><strong>eius</strong></span> <span class='ocrx_word' id='word_1_212' title='bbox 1672 2474 2011 2551; x_wconf 86' lang='lat' dir='ltr'><strong>orationis,</strong></span> <span class='ocrx_word' id='word_1_213' title='bbox 2080 2491 2199 2554; x_wconf 86' lang='lat' dir='ltr'><strong>qua</strong></span> <span class='ocrx_word' id='word_1_214' title='bbox 2254 2473 2541 2535; x_wconf 86' lang='lat' dir='ltr'><strong>Tiberius</strong></span> 
     </span>
     <span class='ocr_line' id='line_1_25' title="bbox 274 2583 2537 2666; baseline 0.002 -24"><span class='ocrx_word' id='word_1_215' title='bbox 274 2584 623 2664; x_wconf 72' lang='lat' dir='ltr'><strong>explanavit</strong></span> <span class='ocrx_word' id='word_1_216' title='bbox 671 2602 911 2661; x_wconf 87' lang='lat' dir='ltr'><strong>causas,</strong></span> <span class='ocrx_word' id='word_1_217' title='bbox 972 2602 1085 2646; x_wconf 88' lang='lat' dir='ltr'><strong>cur</strong></span> <span class='ocrx_word' id='word_1_218' title='bbox 1144 2584 1259 2646; x_wconf 87' lang='lat' dir='ltr'><strong>sibi</strong></span> <span class='ocrx_word' id='word_1_219' title='bbox 1309 2583 1629 2648; x_wconf 87' lang='lat' dir='ltr'><strong>Octavium</strong></span> <span class='ocrx_word' id='word_1_220' title='bbox 1695 2586 2004 2647; x_wconf 75' lang='lat' dir='ltr'><strong>tribunatu</strong></span> <span class='ocrx_word' id='word_1_221' title='bbox 2064 2585 2313 2666; x_wconf 83' lang='lat' dir='ltr'><strong>privare</strong></span> <span class='ocrx_word' id='word_1_222' title='bbox 2373 2585 2537 2648; x_wconf 87' lang='lat' dir='ltr'><strong>licu-</strong></span> 
     </span>
     <span class='ocr_line' id='line_1_26' title="bbox 274 2695 2540 2774; baseline 0 -20"><span class='ocrx_word' id='word_1_223' title='bbox 274 2697 421 2755; x_wconf 87' lang='lat' dir='ltr'><strong>isset</strong></span> <span class='ocrx_word' id='word_1_224' title='bbox 539 2695 824 2758; x_wconf 83' lang='lat' dir='ltr'><strong>Attamen</strong></span> <span class='ocrx_word' id='word_1_225' title='bbox 877 2696 983 2757; x_wconf 87' lang='lat' dir='ltr'><strong>has</strong></span> <span class='ocrx_word' id='word_1_226' title='bbox 1031 2699 1348 2758; x_wconf 88' lang='lat' dir='ltr'><strong>orationes</strong></span> <span class='ocrx_word' id='word_1_227' title='bbox 1389 2714 1422 2756; x_wconf 91' lang='lat' dir='ltr'><strong>a</strong></span> <span class='ocrx_word' id='word_1_228' title='bbox 1469 2695 1793 2758; x_wconf 74' lang='lat' dir='ltr'><strong>Plutarcho</strong></span> <span class='ocrx_word' id='word_1_229' title='bbox 1837 2697 1997 2774; x_wconf 81' lang='lat' dir='ltr'><strong>ipsas</strong></span> <span class='ocrx_word' id='word_1_230' title='bbox 2047 2696 2353 2758; x_wconf 81' lang='lat' dir='ltr'><strong>lectitalas</strong></span> <span class='ocrx_word' id='word_1_231' title='bbox 2395 2712 2540 2756; x_wconf 86' lang='lat' dir='ltr'><strong>esse</strong></span> 
     </span>
     <span class='ocr_line' id='line_1_27' title="bbox 270 2805 2534 2889; baseline 0.001 -23"><span class='ocrx_word' id='word_1_232' title='bbox 270 2823 394 2867; x_wconf 89' lang='lat' dir='ltr'><strong>non</strong></span> <span class='ocrx_word' id='word_1_233' title='bbox 442 2812 560 2869; x_wconf 88' lang='lat' dir='ltr'><strong>lam</strong></span> <span class='ocrx_word' id='word_1_234' title='bbox 607 2814 782 2869; x_wconf 86' lang='lat' dir='ltr'><strong>certo</strong></span> <span class='ocrx_word' id='word_1_235' title='bbox 833 2808 1189 2872; x_wconf 88' lang='lat' dir='ltr'><strong>testimonio</strong></span> <span class='ocrx_word' id='word_1_236' title='bbox 1237 2807 1463 2869; x_wconf 83' lang='lat' dir='ltr'><strong>firmari</strong></span> <span class='ocrx_word' id='word_1_237' title='bbox 1540 2814 1747 2889; x_wconf 79' lang='lat' dir='ltr'><strong>potest</strong></span> <span class='ocrx_word' id='word_1_238' title='bbox 1808 2825 1986 2887; x_wconf 85' lang='lat' dir='ltr'><strong>quam</strong></span> <span class='ocrx_word' id='word_1_239' title='bbox 2034 2805 2146 2869; x_wconf 85' lang='lat' dir='ltr'><strong>Gai</strong></span> <span class='ocrx_word' id='word_1_240' title='bbox 2192 2807 2534 2869; x_wconf 80' lang='lat' dir='ltr'><strong>orationes.</strong></span> 
     </span>
     <span class='ocr_line' id='line_1_28' title="bbox 269 2914 2534 3001; baseline 0 -25"><span class='ocrx_word' id='word_1_241' title='bbox 269 2914 363 2976; x_wconf 77' lang='lat' dir='ltr'><strong>Ex</strong></span> <span class='ocrx_word' id='word_1_242' title='bbox 408 2917 638 2981; x_wconf 84' lang='lat' dir='ltr'><strong>Fannio</strong></span> <span class='ocrx_word' id='word_1_243' title='bbox 686 2936 935 2999; x_wconf 79' lang='lat' dir='ltr'><strong>quoquc</strong></span> <span class='ocrx_word' id='word_1_244' title='bbox 986 2937 1095 2982; x_wconf 87' lang='lat' dir='ltr'><strong>sua</strong></span> <span class='ocrx_word' id='word_1_245' title='bbox 1143 2919 1391 2981; x_wconf 87' lang='lat' dir='ltr'><strong>haurire</strong></span> <span class='ocrx_word' id='word_1_246' title='bbox 1451 2920 1687 3001; x_wconf 87' lang='lat' dir='ltr'><strong>potuit,</strong></span> <span class='ocrx_word' id='word_1_247' title='bbox 1747 2937 1925 2999; x_wconf 83' lang='lat' dir='ltr'><strong>quem</strong></span> <span class='ocrx_word' id='word_1_248' title='bbox 1986 2935 2171 2997; x_wconf 80' lang='lat' dir='ltr'><strong>supra</strong></span> <span class='ocrx_word' id='word_1_249' title='bbox 2217 2917 2534 2981; x_wconf 79' lang='lat' dir='ltr'><strong>orationes</strong></span> 
     </span>
     <span class='ocr_line' id='line_1_29' title="bbox 268 3028 2529 3111; baseline 0.001 -23"><span class='ocrx_word' id='word_1_250' title='bbox 268 3028 327 3088; x_wconf 91' lang='lat' dir='ltr'><strong>in</strong></span> <span class='ocrx_word' id='word_1_251' title='bbox 379 3028 690 3093; x_wconf 87' lang='lat' dir='ltr'><strong>historiam</strong></span> <span class='ocrx_word' id='word_1_252' title='bbox 737 3048 910 3092; x_wconf 90' lang='lat' dir='ltr'><strong>suam</strong></span> <span class='ocrx_word' id='word_1_253' title='bbox 958 3032 1276 3111; x_wconf 77' lang='lat' dir='ltr'><strong>recepisse</strong></span> <span class='ocrx_word' id='word_1_254' title='bbox 1324 3030 1606 3095; x_wconf 88' lang='lat' dir='ltr'><strong>vidimus.</strong></span> <span class='ocrx_word' id='word_1_255' title='bbox 1702 3029 1931 3093; x_wconf 89' lang='lat' dir='ltr'><strong>Eadem</strong></span> <span class='ocrx_word' id='word_1_256' title='bbox 1973 3031 2094 3092; x_wconf 90' lang='lat' dir='ltr'><strong>erit</strong></span> <span class='ocrx_word' id='word_1_257' title='bbox 2137 3029 2420 3109; x_wconf 81' lang='lat' dir='ltr'><strong>quaestio</strong></span> <span class='ocrx_word' id='word_1_258' title='bbox 2467 3029 2529 3090; x_wconf 90' lang='lat' dir='ltr'><strong>in</strong></span> 
     </span>
     <span class='ocr_line' id='line_1_30' title="bbox 267 3139 2531 3222; baseline 0.001 -20"><span class='ocrx_word' id='word_1_259' title='bbox 267 3142 384 3216; x_wconf 68' lang='grc' dir='ltr'><strong>εἰς,</strong></span> <span class='ocrx_word' id='word_1_260' title='bbox 434 3160 591 3222; x_wconf 80' lang='lat' dir='ltr'><strong>quac</strong></span> <span class='ocrx_word' id='word_1_261' title='bbox 635 3142 917 3204; x_wconf 84' lang='lat' dir='ltr'><strong>Tiberius</strong></span> <span class='ocrx_word' id='word_1_262' title='bbox 965 3142 1044 3204; x_wconf 90' lang='lat' dir='ltr'><strong>de</strong></span> <span class='ocrx_word' id='word_1_263' title='bbox 1098 3143 1345 3204; x_wconf 87' lang='lat' dir='ltr'><strong>miseria</strong></span> <span class='ocrx_word' id='word_1_264' title='bbox 1388 3141 1583 3222; x_wconf 81' lang='lat' dir='ltr'><strong>plebis</strong></span> <span class='ocrx_word' id='word_1_265' title='bbox 1646 3144 1900 3221; x_wconf 86' lang='lat' dir='ltr'><strong>exponit</strong></span> <span class='ocrx_word' id='word_1_266' title='bbox 1952 3141 2037 3203; x_wconf 75' lang='lat' dir='ltr'><strong>Ti.</strong></span> <span class='ocrx_word' id='word_1_267' title='bbox 2086 3140 2195 3203; x_wconf 88' lang='lat' dir='ltr'><strong>Gr.</strong></span> <span class='ocrx_word' id='word_1_268' title='bbox 2236 3140 2300 3218; x_wconf 83' lang='lat'><strong>9,</strong></span> <span class='ocrx_word' id='word_1_269' title='bbox 2355 3139 2398 3203; x_wconf 86' lang='lat'>4</span> <span class='ocrx_word' id='word_1_270' title='bbox 2440 3156 2531 3222; x_wconf 79' lang='lat' dir='ltr'><strong>sq.</strong></span> 
     </span>
     <span class='ocr_line' id='line_1_31' title="bbox 266 3252 2531 3335; baseline 0 -21"><span class='ocrx_word' id='word_1_271' title='bbox 266 3253 404 3314; x_wconf 88' lang='lat' dir='ltr'><strong>Non</strong></span> <span class='ocrx_word' id='word_1_272' title='bbox 455 3273 606 3315; x_wconf 68' lang='lat' dir='ltr'><strong>vcro</strong></span> <span class='ocrx_word' id='word_1_273' title='bbox 653 3272 730 3314; x_wconf 81' lang='lat' dir='ltr'><strong>ex</strong></span> <span class='ocrx_word' id='word_1_274' title='bbox 773 3254 964 3331; x_wconf 87' lang='lat' dir='ltr'><strong>ipsius</strong></span> <span class='ocrx_word' id='word_1_275' title='bbox 1009 3252 1235 3316; x_wconf 82' lang='lat' dir='ltr'><strong>Tiberii</strong></span> <span class='ocrx_word' id='word_1_276' title='bbox 1282 3254 1570 3316; x_wconf 90' lang='lat' dir='ltr'><strong>oratione</strong></span> <span class='ocrx_word' id='word_1_277' title='bbox 1620 3254 1823 3335; x_wconf 86' lang='lat' dir='ltr'><strong>aliqua</strong></span> <span class='ocrx_word' id='word_1_278' title='bbox 1867 3253 2081 3316; x_wconf 86' lang='lat' dir='ltr'><strong>hausta</strong></span> <span class='ocrx_word' id='word_1_279' title='bbox 2128 3259 2318 3330; x_wconf 87' lang='lat' dir='ltr'><strong>sunt,</strong></span> <span class='ocrx_word' id='word_1_280' title='bbox 2372 3270 2531 3333; x_wconf 83' lang='lat' dir='ltr'><strong>quae</strong></span> 
     </span>
     <span class='ocr_line' id='line_1_32' title="bbox 264 3363 2529 3445; baseline 0 -20"><span class='ocrx_word' id='word_1_281' title='bbox 264 3364 330 3426; x_wconf 80' lang='lat' dir='ltr'><strong>Ti</strong></span> <span class='ocrx_word' id='word_1_282' title='bbox 381 3366 479 3431; x_wconf 86' lang='lat' dir='ltr'><strong>Gr.</strong></span> <span class='ocrx_word' id='word_1_283' title='bbox 512 3366 612 3443; x_wconf 88' lang='lat'><strong>11,</strong></span> <span class='ocrx_word' id='word_1_284' title='bbox 638 3364 679 3428; x_wconf 86' lang='lat'><strong>3</strong></span> <span class='ocrx_word' id='word_1_285' title='bbox 725 3364 1035 3444; x_wconf 70' lang='lat' dir='ltr'><strong>leguntur,</strong></span> <span class='ocrx_word' id='word_1_286' title='bbox 1079 3367 1132 3429; x_wconf 91' lang='lat' dir='ltr'><strong>si</strong></span> <span class='ocrx_word' id='word_1_287' title='bbox 1164 3363 1410 3444; x_wconf 76' lang='lat' dir='ltr'><strong>quidem</strong></span> <span class='ocrx_word' id='word_1_288' title='bbox 1457 3381 1583 3427; x_wconf 90' lang='lat' dir='ltr'><strong>non</strong></span> <span class='ocrx_word' id='word_1_289' title='bbox 1632 3365 1814 3427; x_wconf 88' lang='lat' dir='ltr'><strong>habet</strong></span> <span class='ocrx_word' id='word_1_290' title='bbox 1855 3367 2125 3445; x_wconf 85' lang='lat' dir='ltr'><strong>speciem</strong></span> <span class='ocrx_word' id='word_1_291' title='bbox 2172 3365 2326 3440; x_wconf 87' lang='lat' dir='ltr'><strong>veri,</strong></span> <span class='ocrx_word' id='word_1_292' title='bbox 2370 3364 2529 3426; x_wconf 88' lang='lat' dir='ltr'><strong>banc</strong></span> 
     </span>
     <span class='ocr_line' id='line_1_33' title="bbox 265 3477 2171 3558; baseline 0.003 -26"><span class='ocrx_word' id='word_1_293' title='bbox 265 3492 397 3535; x_wconf 88' lang='lat' dir='ltr'><strong>cum</strong></span> <span class='ocrx_word' id='word_1_294' title='bbox 442 3477 701 3539; x_wconf 87' lang='lat' dir='ltr'><strong>Octavio</strong></span> <span class='ocrx_word' id='word_1_295' title='bbox 744 3477 1208 3540; x_wconf 83' lang='lat' dir='ltr'><strong>altercationem</strong></span> <span class='ocrx_word' id='word_1_296' title='bbox 1253 3497 1285 3537; x_wconf 85' lang='lat' dir='ltr'><strong>a</strong></span> <span class='ocrx_word' id='word_1_297' title='bbox 1328 3477 1577 3539; x_wconf 83' lang='lat' dir='ltr'><strong>Tiberio</strong></span> <span class='ocrx_word' id='word_1_298' title='bbox 1623 3478 1910 3558; x_wconf 81' lang='lat' dir='ltr'><strong>scriptam</strong></span> <span class='ocrx_word' id='word_1_299' title='bbox 1959 3478 2171 3541; x_wconf 83' lang='lat' dir='ltr'><strong>fuisse.</strong></span> 
     </span>
    </p>
   </div>
   <div class='ocr_carea' id='block_1_5' title="bbox 266 3612 713 3623">
    <p class='ocr_par' dir='ltr' id='par_1_8' title="bbox 266 3612 713 3623">
     <span class='ocr_line' id='line_1_34' title="bbox 266 3612 713 3623; baseline 0 1369"><span class='ocrx_word' id='word_1_300' title='bbox 266 3612 713 3623; x_wconf 95' lang='lat' dir='ltr'><strong> </strong></span> 
     </span>
    </p>
   </div>
   <div class='ocr_carea' id='block_1_6' title="bbox 259 3675 2524 4017">
    <p class='ocr_par' dir='ltr' id='par_1_9' title="bbox 259 3675 2524 4017">
     <span class='ocr_line' id='line_1_35' title="bbox 465 3675 2524 3767; baseline 0.003 -40"><span class='ocrx_word' id='word_1_301' title='bbox 465 3677 490 3729; x_wconf 84' lang='lat'>1</span> <span class='ocrx_word' id='word_1_302' title='bbox 502 3685 526 3744; x_wconf 67' lang='lat' dir='ltr'>J</span> <span class='ocrx_word' id='word_1_303' title='bbox 561 3675 884 3746; x_wconf 75' lang='lat' dir='ltr'><strong>Lindemann,</strong></span> <span class='ocrx_word' id='word_1_304' title='bbox 920 3685 1007 3767; x_wconf 78' lang='lat' dir='ltr'><strong>qui</strong></span> <span class='ocrx_word' id='word_1_305' title='bbox 1042 3699 1140 3751; x_wconf 82' lang='lat' dir='ltr'><strong>qua</strong></span> <span class='ocrx_word' id='word_1_306' title='bbox 1174 3685 1372 3736; x_wconf 79' lang='lat' dir='ltr'><strong>ratione</strong></span> <span class='ocrx_word' id='word_1_307' title='bbox 1404 3692 1675 3751; x_wconf 72' lang='lat' dir='ltr'><strong>utu-umque</strong></span> <span class='ocrx_word' id='word_1_308' title='bbox 1711 3684 1877 3737; x_wconf 82' lang='lat' dir='ltr'><strong>locum</strong></span> <span class='ocrx_word' id='word_1_309' title='bbox 1926 3683 1987 3735; x_wconf 78' lang='lat' dir='ltr'><strong>ad</strong></span> <span class='ocrx_word' id='word_1_310' title='bbox 2025 3681 2293 3737; x_wconf 80' lang='lat' dir='ltr'><strong>Corneliae</strong></span> <span class='ocrx_word' id='word_1_311' title='bbox 2324 3678 2524 3745; x_wconf 73' lang='lat' dir='ltr'><strong>episto-</strong></span> 
     </span>
     <span class='ocr_line' id='line_1_36' title="bbox 263 3772 2523 3862; baseline 0.007 -38"><span class='ocrx_word' id='word_1_312' title='bbox 263 3773 338 3825; x_wconf 71' lang='lat' dir='ltr'><strong>lae</strong></span> <span class='ocrx_word' id='word_1_313' title='bbox 366 3773 562 3825; x_wconf 79' lang='lat' dir='ltr'><strong>referre</strong></span> <span class='ocrx_word' id='word_1_314' title='bbox 599 3772 752 3826; x_wconf 83' lang='lat' dir='ltr'><strong>vellet</strong></span> <span class='ocrx_word' id='word_1_315' title='bbox 783 3792 885 3827; x_wconf 87' lang='lat' dir='ltr'><strong>non</strong></span> <span class='ocrx_word' id='word_1_316' title='bbox 923 3778 1176 3842; x_wconf 76' lang='lat' dir='ltr'><strong>indicavit,</strong></span> <span class='ocrx_word' id='word_1_317' title='bbox 1212 3778 1362 3831; x_wconf 78' lang='lat' dir='ltr'><strong>facile</strong></span> <span class='ocrx_word' id='word_1_318' title='bbox 1394 3777 1550 3831; x_wconf 86' lang='lat' dir='ltr'><strong>credo</strong></span> <span class='ocrx_word' id='word_1_319' title='bbox 1587 3778 1880 3862; x_wconf 79' lang='lat' dir='ltr'><strong>explicaret,</strong></span> <span class='ocrx_word' id='word_1_320' title='bbox 1924 3780 2180 3847; x_wconf 85' lang='lat' dir='ltr'><strong>quomodo</strong></span> <span class='ocrx_word' id='word_1_321' title='bbox 2210 3783 2362 3836; x_wconf 83' lang='lat' dir='ltr'><strong>verba</strong></span> <span class='ocrx_word' id='word_1_322' title='bbox 2395 3787 2523 3840; x_wconf 83' lang='lat' dir='ltr'><strong>‘cum</strong></span> 
     </span>
     <span class='ocr_line' id='line_1_37' title="bbox 259 3868 2521 3944; baseline 0.007 -25"><span class='ocrx_word' id='word_1_323' title='bbox 259 3868 380 3920; x_wconf 85' lang='lat' dir='ltr'><strong>dicit</strong></span> <span class='ocrx_word' id='word_1_324' title='bbox 414 3871 464 3921; x_wconf 89' lang='lat' dir='ltr'><strong>in</strong></span> <span class='ocrx_word' id='word_1_325' title='bbox 502 3870 871 3939; x_wconf 73' lang='lat' dir='ltr'><strong>significatione</strong></span> <span class='ocrx_word' id='word_1_326' title='bbox 908 3872 1094 3923; x_wconf 80' lang='lat' dir='ltr'><strong>matris’</strong></span> <span class='ocrx_word' id='word_1_327' title='bbox 1129 3888 1243 3923; x_wconf 66' lang='lat' dir='ltr'><strong>cum,</strong></span> <span class='ocrx_word' id='word_1_328' title='bbox 1289 3873 1617 3940; x_wconf 74' lang='lat' dir='ltr'><strong>sequentibus</strong></span> <span class='ocrx_word' id='word_1_329' title='bbox 1662 3877 1789 3925; x_wconf 81' lang='lat' dir='ltr'><strong>‘cum</strong></span> <span class='ocrx_word' id='word_1_330' title='bbox 1836 3875 1898 3926; x_wconf 89' lang='lat' dir='ltr'><strong>de</strong></span> <span class='ocrx_word' id='word_1_331' title='bbox 1935 3890 1993 3926; x_wconf 77' lang='lat' dir='ltr'><strong>se</strong></span> <span class='ocrx_word' id='word_1_332' title='bbox 2042 3874 2350 3944; x_wconf 75' lang='lat' dir='ltr'><strong>loqueretur’</strong></span> <span class='ocrx_word' id='word_1_333' title='bbox 2391 3897 2521 3936; x_wconf 90' lang='lat' dir='ltr'><strong>con-</strong></span> 
     </span>
     <span class='ocr_line' id='line_1_38' title="bbox 260 3961 562 4017; baseline 0.013 -4"><span class='ocrx_word' id='word_1_334' title='bbox 260 3961 562 4017; x_wconf 68' lang='lat' dir='ltr'><strong>cili-rentur.</strong></span> 
     </span>
    </p>
   </div>
   <div class='ocr_carea' id='block_1_7' title="bbox 1096 4093 1273 4100">
    <p class='ocr_par' dir='ltr' id='par_1_10' title="bbox 1096 4093 1273 4100">
     <span class='ocr_line' id='line_1_39' title="bbox 1096 4093 1273 4100; baseline 0 -1"><span class='ocrx_word' id='word_1_335' title='bbox 1096 4093 1273 4100; x_wconf 70' lang='lat'><strong>..—-—-</strong></span> 
     </span>
    </p>
   </div>
   <div class='ocr_carea' id='block_1_8' title="bbox 1276 4090 1708 4103">
    <p class='ocr_par' dir='ltr' id='par_1_11' title="bbox 1276 4090 1708 4103">
     <span class='ocr_line' id='line_1_40' title="bbox 1276 4090 1708 4103; baseline 0 889"><span class='ocrx_word' id='word_1_336' title='bbox 1276 4090 1708 4103; x_wconf 95' lang='lat' dir='ltr'><strong> </strong></span> 
     </span>
    </p>
   </div>
   <div class='ocr_carea' id='block_1_9' title="bbox 913 4345 1847 4399">
    <p class='ocr_par' dir='ltr' id='par_1_12' title="bbox 913 4345 1847 4399">
     <span class='ocr_line' id='line_1_41' title="bbox 913 4345 1847 4399; baseline 0 -13"><span class='ocrx_word' id='word_1_337' title='bbox 913 4345 1174 4399; x_wconf 65' lang='lat' dir='ltr'><strong>Romul-2,</strong></span> <span class='ocrx_word' id='word_1_338' title='bbox 1202 4345 1426 4388; x_wconf 64' lang='lat' dir='ltr'>FORUIS</span> <span class='ocrx_word' id='word_1_339' title='bbox 1460 4346 1847 4389; x_wconf 73' lang='lat' dir='ltr'><strong>GAR&#39;rnAusn.</strong></span> 
     </span>
    </p>
   </div>
  </div>
 </body>
</html>
