<?xml version="1.0" encoding="UTF-8"?>
<!DOCTYPE html PUBLIC "-//W3C//DTD XHTML 1.0 Transitional//EN"
    "http://www.w3.org/TR/xhtml1/DTD/xhtml1-transitional.dtd">
<html xmlns="http://www.w3.org/1999/xhtml" xml:lang="en" lang="en">
 <head>
  <title>
</title>
<meta http-equiv="Content-Type" content="text/html;charset=utf-8" />
  <meta name='ocr-system' content='tesseract 3.04.00' />
  <meta name='ocr-capabilities' content='ocr_page ocr_carea ocr_par ocr_line ocrx_word'/>
</head>
<body>
  <div class='ocr_page' id='page_1' title='image "./devitarumplutar00klapgoog_0007.png"; bbox 0 0 2967 4992; ppageno 0'>
   <div class='ocr_carea' id='block_1_1' title="bbox 1495 80 1756 126">
    <p class='ocr_par' dir='ltr' id='par_1_1' title="bbox 1495 80 1756 126">
     <span class='ocr_line' id='line_1_1' title="bbox 1495 80 1756 126; baseline 0 -19"><span class='ocrx_word' id='word_1_1' title='bbox 1495 100 1509 113; x_wconf 84' lang='grc'><strong>.,</strong></span> <span class='ocrx_word' id='word_1_2' title='bbox 1525 80 1756 126; x_wconf 53' lang='lat'>.....</span> 
     </span>
    </p>
   </div>
   <div class='ocr_carea' id='block_1_2' title="bbox 281 1224 2620 2544">
    <p class='ocr_par' dir='ltr' id='par_1_2' title="bbox 281 1224 2620 2544">
     <span class='ocr_line' id='line_1_2' title="bbox 481 1224 2539 1326; baseline -0.004 -15"><span class='ocrx_word' id='word_1_3' title='bbox 481 1224 679 1311; x_wconf 71' lang='lat' dir='ltr'><strong>Eam</strong></span> <span class='ocrx_word' id='word_1_4' title='bbox 734 1264 915 1326; x_wconf 84' lang='lat' dir='ltr'><strong>quam</strong></span> <span class='ocrx_word' id='word_1_5' title='bbox 974 1243 1126 1305; x_wconf 88' lang='lat' dir='ltr'><strong>mihi</strong></span> <span class='ocrx_word' id='word_1_6' title='bbox 1165 1243 1301 1321; x_wconf 88' lang='lat' dir='ltr'><strong>cepi</strong></span> <span class='ocrx_word' id='word_1_7' title='bbox 1347 1244 1775 1322; x_wconf 79' lang='lat' dir='ltr'><strong>quaestionem</strong></span> <span class='ocrx_word' id='word_1_8' title='bbox 1828 1238 2209 1303; x_wconf 84' lang='lat' dir='ltr'><strong>tractandam</strong></span> <span class='ocrx_word' id='word_1_9' title='bbox 2252 1256 2376 1305; x_wconf 83' lang='lat' dir='ltr'><strong>non</strong></span> <span class='ocrx_word' id='word_1_10' title='bbox 2422 1259 2539 1303; x_wconf 83' lang='lat' dir='ltr'><strong>ve-</strong></span> 
     </span>
     <span class='ocr_line' id='line_1_3' title="bbox 287 1350 2620 1443; baseline -0.003 -21"><span class='ocrx_word' id='word_1_11' title='bbox 287 1377 437 1423; x_wconf 89' lang='lat' dir='ltr'><strong>reor</strong></span> <span class='ocrx_word' id='word_1_12' title='bbox 482 1376 564 1418; x_wconf 90' lang='lat' dir='ltr'><strong>ne</strong></span> <span class='ocrx_word' id='word_1_13' title='bbox 617 1357 756 1436; x_wconf 89' lang='lat' dir='ltr'><strong>quis</strong></span> <span class='ocrx_word' id='word_1_14' title='bbox 817 1354 983 1417; x_wconf 90' lang='lat' dir='ltr'><strong>dicat</strong></span> <span class='ocrx_word' id='word_1_15' title='bbox 1041 1355 1156 1415; x_wconf 85' lang='lat' dir='ltr'><strong>iam</strong></span> <span class='ocrx_word' id='word_1_16' title='bbox 1218 1369 1360 1415; x_wconf 87' lang='lat' dir='ltr'><strong>esse</strong></span> <span class='ocrx_word' id='word_1_17' title='bbox 1419 1351 1785 1432; x_wconf 83' lang='lat' dir='ltr'><strong>expeditam,</strong></span> <span class='ocrx_word' id='word_1_18' title='bbox 1876 1350 2052 1424; x_wconf 81' lang='lat' dir='ltr'><strong>Quod</strong></span> <span class='ocrx_word' id='word_1_19' title='bbox 2116 1350 2276 1412; x_wconf 88' lang='lat' dir='ltr'><strong>enim</strong></span> <span class='ocrx_word' id='word_1_20' title='bbox 2335 1352 2539 1415; x_wconf 89' lang='lat' dir='ltr'><strong>solum</strong></span> <span class='ocrx_word' id='word_1_21' title='bbox 2611 1438 2620 1443; x_wconf 74' lang='lat'><em>,</em></span> 
     </span>
     <span class='ocr_line' id='line_1_4' title="bbox 293 1461 2542 1545; baseline -0.002 -15"><span class='ocrx_word' id='word_1_22' title='bbox 293 1473 467 1530; x_wconf 88' lang='lat' dir='ltr'><strong>extat</strong></span> <span class='ocrx_word' id='word_1_23' title='bbox 525 1466 889 1545; x_wconf 81' lang='lat' dir='ltr'><strong>opusculum</strong></span> <span class='ocrx_word' id='word_1_24' title='bbox 948 1463 1028 1524; x_wconf 90' lang='lat' dir='ltr'><strong>de</strong></span> <span class='ocrx_word' id='word_1_25' title='bbox 1084 1463 1360 1526; x_wconf 83' lang='lat' dir='ltr'><strong>fontibus</strong></span> <span class='ocrx_word' id='word_1_26' title='bbox 1421 1463 1678 1523; x_wconf 85' lang='lat' dir='ltr'><strong>vitarum</strong></span> <span class='ocrx_word' id='word_1_27' title='bbox 1739 1462 2149 1524; x_wconf 82' lang='lat' dir='ltr'><strong>Romanarum</strong></span> <span class='ocrx_word' id='word_1_28' title='bbox 2197 1461 2542 1540; x_wconf 81' lang='lat' dir='ltr'><strong>Plutarchi,</strong></span> 
     </span>
     <span class='ocr_line' id='line_1_5' title="bbox 282 1572 2539 1653; baseline -0.001 -12"><span class='ocrx_word' id='word_1_29' title='bbox 282 1577 570 1641; x_wconf 85' lang='lat' dir='ltr'><strong>Heerenii</strong></span> <span class='ocrx_word' id='word_1_30' title='bbox 614 1576 756 1638; x_wconf 89' lang='lat' dir='ltr'><strong>dico</strong></span> <span class='ocrx_word' id='word_1_31' title='bbox 786 1576 1030 1650; x_wconf 88' lang='lat' dir='ltr'><strong>librum,</strong></span> <span class='ocrx_word' id='word_1_32' title='bbox 1073 1573 1133 1635; x_wconf 89' lang='lat' dir='ltr'><strong>id</strong></span> <span class='ocrx_word' id='word_1_33' title='bbox 1183 1573 1411 1635; x_wconf 92' lang='lat' dir='ltr'><strong>nullius</strong></span> <span class='ocrx_word' id='word_1_34' title='bbox 1459 1573 1594 1634; x_wconf 78' lang='lat' dir='ltr'><strong>fere</strong></span> <span class='ocrx_word' id='word_1_35' title='bbox 1645 1589 1787 1634; x_wconf 79' lang='lat' dir='ltr'><strong>esse</strong></span> <span class='ocrx_word' id='word_1_36' title='bbox 1833 1574 2012 1653; x_wconf 86' lang='lat' dir='ltr'><strong>pretii</strong></span> <span class='ocrx_word' id='word_1_37' title='bbox 2057 1572 2177 1633; x_wconf 89' lang='lat' dir='ltr'><strong>iam</strong></span> <span class='ocrx_word' id='word_1_38' title='bbox 2222 1572 2326 1635; x_wconf 88' lang='lat' dir='ltr'><strong>alii</strong></span> <span class='ocrx_word' id='word_1_39' title='bbox 2370 1574 2539 1638; x_wconf 87' lang='lat' dir='ltr'><strong>multi</strong></span> 
     </span>
     <span class='ocr_line' id='line_1_6' title="bbox 281 1683 2545 1763; baseline -0.005 -11"><span class='ocrx_word' id='word_1_40' title='bbox 281 1690 591 1753; x_wconf 83' lang='lat' dir='ltr'><strong>viderunt.</strong></span> <span class='ocrx_word' id='word_1_41' title='bbox 678 1685 844 1749; x_wconf 89' lang='lat' dir='ltr'><strong>Nihil</strong></span> <span class='ocrx_word' id='word_1_42' title='bbox 888 1687 941 1746; x_wconf 89' lang='lat' dir='ltr'><strong>is</strong></span> <span class='ocrx_word' id='word_1_43' title='bbox 982 1685 1152 1762; x_wconf 76' lang='lat' dir='ltr'><strong>fecit,</strong></span> <span class='ocrx_word' id='word_1_44' title='bbox 1196 1685 1250 1746; x_wconf 94' lang='lat' dir='ltr'><strong>si</strong></span> <span class='ocrx_word' id='word_1_45' title='bbox 1301 1683 1628 1746; x_wconf 80' lang='lat' dir='ltr'><strong>admodum</strong></span> <span class='ocrx_word' id='word_1_46' title='bbox 1671 1701 1866 1763; x_wconf 89' lang='lat' dir='ltr'><strong>pauca</strong></span> <span class='ocrx_word' id='word_1_47' title='bbox 1906 1684 2213 1762; x_wconf 83' lang='lat' dir='ltr'><strong>excipias,</strong></span> <span class='ocrx_word' id='word_1_48' title='bbox 2270 1684 2387 1747; x_wconf 85' lang='lat' dir='ltr'><strong>nisi</strong></span> <span class='ocrx_word' id='word_1_49' title='bbox 2422 1702 2545 1761; x_wconf 83' lang='lat' dir='ltr'><strong>au..</strong></span> 
     </span>
     <span class='ocr_line' id='line_1_7' title="bbox 291 1794 2547 1874; baseline -0.001 -12"><span class='ocrx_word' id='word_1_50' title='bbox 291 1805 498 1864; x_wconf 92' lang='lat' dir='ltr'><strong>ctores</strong></span> <span class='ocrx_word' id='word_1_51' title='bbox 532 1817 565 1860; x_wconf 91' lang='lat' dir='ltr'><strong>a</strong></span> <span class='ocrx_word' id='word_1_52' title='bbox 592 1795 915 1860; x_wconf 76' lang='lat' dir='ltr'>Plutarcho</span> <span class='ocrx_word' id='word_1_53' title='bbox 955 1801 1469 1857; x_wconf 88' lang='lat' dir='ltr'><strong>commemoratos</strong></span> <span class='ocrx_word' id='word_1_54' title='bbox 1506 1795 1908 1859; x_wconf 84' lang='lat' dir='ltr'><strong>enumeravit.</strong></span> <span class='ocrx_word' id='word_1_55' title='bbox 1972 1794 2122 1856; x_wconf 91' lang='lat' dir='ltr'><strong>Nam</strong></span> <span class='ocrx_word' id='word_1_56' title='bbox 2148 1811 2265 1874; x_wconf 89' lang='lat' dir='ltr'><strong>qua</strong></span> <span class='ocrx_word' id='word_1_57' title='bbox 2297 1796 2547 1858; x_wconf 88' lang='lat' dir='ltr'><strong>temeri-</strong></span> 
     </span>
     <span class='ocr_line' id='line_1_8' title="bbox 285 1905 2545 1987; baseline -0.003 -14"><span class='ocrx_word' id='word_1_58' title='bbox 285 1917 411 1973; x_wconf 91' lang='lat' dir='ltr'><strong>tate</strong></span> <span class='ocrx_word' id='word_1_59' title='bbox 456 1914 755 1971; x_wconf 85' lang='lat' dir='ltr'><strong>auctores</strong></span> <span class='ocrx_word' id='word_1_60' title='bbox 798 1905 1128 1968; x_wconf 78' lang='lat' dir='ltr'><strong>Plutarcho</strong></span> <span class='ocrx_word' id='word_1_61' title='bbox 1176 1907 1431 1986; x_wconf 78' lang='lat' dir='ltr'><strong>imputet</strong></span> <span class='ocrx_word' id='word_1_62' title='bbox 1474 1911 1683 1966; x_wconf 88' lang='lat' dir='ltr'><strong>tacere</strong></span> <span class='ocrx_word' id='word_1_63' title='bbox 1726 1923 1903 1985; x_wconf 89' lang='lat' dir='ltr'><strong>quam</strong></span> <span class='ocrx_word' id='word_1_64' title='bbox 1945 1905 2221 1985; x_wconf 89' lang='lat' dir='ltr'><strong>pluribus</strong></span> <span class='ocrx_word' id='word_1_65' title='bbox 2253 1909 2545 1987; x_wconf 80' lang='lat' dir='ltr'><strong>persequi</strong></span> 
     </span>
     <span class='ocr_line' id='line_1_9' title="bbox 285 2016 2541 2102; baseline -0.001 -19"><span class='ocrx_word' id='word_1_66' title='bbox 285 2025 578 2102; x_wconf 74' lang='lat' dir='ltr'><strong>praestat.</strong></span> <span class='ocrx_word' id='word_1_67' title='bbox 651 2017 728 2080; x_wconf 91' lang='lat' dir='ltr'><strong>Ut</strong></span> <span class='ocrx_word' id='word_1_68' title='bbox 771 2016 1071 2080; x_wconf 90' lang='lat' dir='ltr'><strong>nonnulla</strong></span> <span class='ocrx_word' id='word_1_69' title='bbox 1119 2022 1348 2079; x_wconf 89' lang='lat' dir='ltr'><strong>tantum</strong></span> <span class='ocrx_word' id='word_1_70' title='bbox 1383 2033 1741 2097; x_wconf 90' lang='lat' dir='ltr'><strong>proponam,</strong></span> <span class='ocrx_word' id='word_1_71' title='bbox 1788 2016 2109 2078; x_wconf 80' lang='lat' dir='ltr'><strong>Sisennam</strong></span> <span class='ocrx_word' id='word_1_72' title='bbox 2152 2034 2185 2077; x_wconf 93' lang='lat' dir='ltr'><strong>a</strong></span> <span class='ocrx_word' id='word_1_73' title='bbox 2216 2016 2541 2080; x_wconf 80' lang='lat' dir='ltr'><strong>Plutarcho</strong></span> 
     </span>
     <span class='ocr_line' id='line_1_10' title="bbox 287 2125 2547 2206; baseline -0.003 -12"><span class='ocrx_word' id='word_1_74' title='bbox 287 2133 624 2194; x_wconf 86' lang='lat' dir='ltr'><strong>lectitatum</strong></span> <span class='ocrx_word' id='word_1_75' title='bbox 686 2145 830 2190; x_wconf 89' lang='lat' dir='ltr'><strong>esse</strong></span> <span class='ocrx_word' id='word_1_76' title='bbox 890 2145 971 2190; x_wconf 89' lang='lat' dir='ltr'><strong>ex</strong></span> <span class='ocrx_word' id='word_1_77' title='bbox 1028 2145 1106 2190; x_wconf 88' lang='lat' dir='ltr'><strong>eo</strong></span> <span class='ocrx_word' id='word_1_78' title='bbox 1168 2126 1482 2190; x_wconf 84' lang='lat' dir='ltr'><strong>concludit</strong></span> <span class='ocrx_word' id='word_1_79' title='bbox 1545 2146 1601 2206; x_wconf 86' lang='lat' dir='ltr'><strong>p.</strong></span> <span class='ocrx_word' id='word_1_80' title='bbox 1657 2125 1818 2202; x_wconf 88' lang='grc'><strong>134,</strong></span> <span class='ocrx_word' id='word_1_81' title='bbox 1880 2127 2045 2205; x_wconf 89' lang='lat' dir='ltr'><strong>quod</strong></span> <span class='ocrx_word' id='word_1_82' title='bbox 2091 2127 2144 2188; x_wconf 89' lang='lat' dir='ltr'><strong>is</strong></span> <span class='ocrx_word' id='word_1_83' title='bbox 2203 2126 2374 2190; x_wconf 90' lang='lat' dir='ltr'><strong>illum</strong></span> <span class='ocrx_word' id='word_1_84' title='bbox 2435 2131 2547 2188; x_wconf 79' lang='grc' dir='ltr'><strong>τὸν</strong></span> 
     </span>
     <span class='ocr_line' id='line_1_11' title="bbox 289 2236 2549 2320; baseline -0.004 -17"><span class='ocrx_word' id='word_1_85' title='bbox 289 2236 610 2320; x_wconf 76' lang='grc' dir='ltr'><strong><em>ἱστορικὸν</em></strong></span> <span class='ocrx_word' id='word_1_86' title='bbox 638 2239 913 2301; x_wconf 85' lang='lat' dir='ltr'><strong>nominat</strong></span> <span class='ocrx_word' id='word_1_87' title='bbox 936 2237 1149 2300; x_wconf 89' lang='lat' dir='ltr'><strong>Lucull</strong></span> <span class='ocrx_word' id='word_1_88' title='bbox 1204 2237 1263 2313; x_wconf 87' lang='lat'><strong>1,</strong></span> <span class='ocrx_word' id='word_1_89' title='bbox 1297 2236 1371 2313; x_wconf 82' lang='lat'><strong>53</strong></span> <span class='ocrx_word' id='word_1_90' title='bbox 1420 2253 1725 2316; x_wconf 88' lang='lat' dir='ltr'><strong>nusquam</strong></span> <span class='ocrx_word' id='word_1_91' title='bbox 1770 2242 1969 2299; x_wconf 90' lang='lat' dir='ltr'><strong>autem</strong></span> <span class='ocrx_word' id='word_1_92' title='bbox 2015 2253 2095 2298; x_wconf 93' lang='lat' dir='ltr'><strong>ne</strong></span> <span class='ocrx_word' id='word_1_93' title='bbox 2131 2237 2373 2299; x_wconf 89' lang='lat' dir='ltr'><strong>minima</strong></span> <span class='ocrx_word' id='word_1_94' title='bbox 2405 2238 2549 2318; x_wconf 68' lang='lat' dir='ltr'><strong>qui,-</strong></span> 
     </span>
     <span class='ocr_line' id='line_1_12' title="bbox 289 2346 2549 2430; baseline -0.001 -16"><span class='ocrx_word' id='word_1_95' title='bbox 289 2353 427 2414; x_wconf 90' lang='lat' dir='ltr'><strong>dem</strong></span> <span class='ocrx_word' id='word_1_96' title='bbox 472 2349 811 2414; x_wconf 88' lang='lat' dir='ltr'><strong>similitudo</strong></span> <span class='ocrx_word' id='word_1_97' title='bbox 861 2348 1194 2411; x_wconf 84' lang='lat' dir='ltr'><strong>intercedit</strong></span> <span class='ocrx_word' id='word_1_98' title='bbox 1236 2348 1397 2410; x_wconf 91' lang='lat' dir='ltr'><strong>inter</strong></span> <span class='ocrx_word' id='word_1_99' title='bbox 1428 2346 1815 2411; x_wconf 85' lang='lat' dir='ltr'><strong>Plutarchum</strong></span> <span class='ocrx_word' id='word_1_100' title='bbox 1862 2355 1925 2409; x_wconf 92' lang='lat' dir='ltr'><strong>et</strong></span> <span class='ocrx_word' id='word_1_101' title='bbox 1954 2347 2296 2426; x_wconf 82' lang='lat' dir='ltr'><strong>Sisennam,</strong></span> <span class='ocrx_word' id='word_1_102' title='bbox 2341 2349 2549 2430; x_wconf 88' lang='lat' dir='ltr'><strong>quoad</strong></span> 
     </span>
     <span class='ocr_line' id='line_1_13' title="bbox 292 2458 2547 2544; baseline -0 -20"><span class='ocrx_word' id='word_1_103' title='bbox 292 2460 533 2544; x_wconf 88' lang='lat' dir='ltr'><strong>quidem</strong></span> <span class='ocrx_word' id='word_1_104' title='bbox 594 2460 759 2523; x_wconf 91' lang='lat' dir='ltr'><strong>hunc</strong></span> <span class='ocrx_word' id='word_1_105' title='bbox 817 2460 1099 2523; x_wconf 86' lang='lat' dir='ltr'><strong>novimus</strong></span> <span class='ocrx_word' id='word_1_106' title='bbox 1156 2477 1238 2521; x_wconf 84' lang='lat' dir='ltr'><strong>ex</strong></span> <span class='ocrx_word' id='word_1_107' title='bbox 1299 2459 1678 2539; x_wconf 73' lang='lat' dir='ltr'><strong>fragmentis,</strong></span> <span class='ocrx_word' id='word_1_108' title='bbox 1772 2458 2128 2535; x_wconf 87' lang='lat' dir='ltr'><strong>Praeterea,</strong></span> <span class='ocrx_word' id='word_1_109' title='bbox 2184 2476 2547 2540; x_wconf 89' lang='lat' dir='ltr'><strong>quamquam</strong></span> 
     </span>
    </p>
   </div>
   <div class='ocr_carea' id='block_1_3' title="bbox 294 2566 2657 2652">
    <p class='ocr_par' dir='ltr' id='par_1_3' title="bbox 294 2566 2657 2652">
     <span class='ocr_line' id='line_1_14' title="bbox 294 2566 2657 2652; baseline -0.001 -16"><span class='ocrx_word' id='word_1_110' title='bbox 294 2572 653 2636; x_wconf 80' lang='lat' dir='ltr'><strong>Plutarchus</strong></span> <span class='ocrx_word' id='word_1_111' title='bbox 701 2573 834 2652; x_wconf 90' lang='lat' dir='ltr'><strong>ipse</strong></span> <span class='ocrx_word' id='word_1_112' title='bbox 878 2571 1029 2632; x_wconf 86' lang='lat' dir='ltr'><strong>Mar.</strong></span> <span class='ocrx_word' id='word_1_113' title='bbox 1073 2568 1180 2648; x_wconf 84' lang='lat'><strong>25,</strong></span> <span class='ocrx_word' id='word_1_114' title='bbox 1227 2569 1281 2632; x_wconf 84' lang='lat'><strong>6.</strong></span> <span class='ocrx_word' id='word_1_115' title='bbox 1326 2566 1433 2645; x_wconf 89' lang='grc'><strong>26,</strong></span> <span class='ocrx_word' id='word_1_116' title='bbox 1463 2566 1505 2632; x_wconf 88' lang='lat'>5</span> <span class='ocrx_word' id='word_1_117' title='bbox 1552 2576 1766 2649; x_wconf 84' lang='lat' dir='ltr'><strong>aperte</strong></span> <span class='ocrx_word' id='word_1_118' title='bbox 1810 2587 1880 2631; x_wconf 90' lang='lat' dir='ltr'><strong>se</strong></span> <span class='ocrx_word' id='word_1_119' title='bbox 1928 2587 2055 2631; x_wconf 92' lang='lat' dir='ltr'><strong>non</strong></span> <span class='ocrx_word' id='word_1_120' title='bbox 2100 2570 2297 2650; x_wconf 89' lang='lat' dir='ltr'><strong>ipsum</strong></span> <span class='ocrx_word' id='word_1_121' title='bbox 2344 2571 2546 2634; x_wconf 82' lang='lat' dir='ltr'><strong>Catuli</strong></span> <span class='ocrx_word' id='word_1_122' title='bbox 2653 2570 2657 2574; x_wconf 17' lang='grc' dir='ltr'><strong>Α</strong></span> 
     </span>
    </p>
   </div>
   <div class='ocr_carea' id='block_1_4' title="bbox 282 2679 2554 3761">
    <p class='ocr_par' dir='ltr' id='par_1_4' title="bbox 282 2679 2554 3761">
     <span class='ocr_line' id='line_1_15' title="bbox 303 2679 2550 2766; baseline 0 -21"><span class='ocrx_word' id='word_1_123' title='bbox 303 2700 463 2766; x_wconf 90' lang='lat' dir='ltr'><strong>opus</strong></span> <span class='ocrx_word' id='word_1_124' title='bbox 509 2684 761 2744; x_wconf 82' lang='lat' dir='ltr'><strong>novisse</strong></span> <span class='ocrx_word' id='word_1_125' title='bbox 807 2681 1106 2758; x_wconf 84' lang='lat' dir='ltr'><strong>declarat,</strong></span> <span class='ocrx_word' id='word_1_126' title='bbox 1148 2679 1392 2741; x_wconf 86' lang='lat' dir='ltr'><strong>Heeren</strong></span> <span class='ocrx_word' id='word_1_127' title='bbox 1426 2685 1625 2745; x_wconf 86' lang='lat' dir='ltr'><strong>tamen</strong></span> <span class='ocrx_word' id='word_1_128' title='bbox 1674 2697 1795 2740; x_wconf 93' lang='lat' dir='ltr'><strong>non</strong></span> <span class='ocrx_word' id='word_1_129' title='bbox 1830 2687 2066 2742; x_wconf 85' lang='lat' dir='ltr'><strong>certum</strong></span> <span class='ocrx_word' id='word_1_130' title='bbox 2106 2681 2223 2744; x_wconf 86' lang='lat' dir='ltr'><strong>sibi</strong></span> <span class='ocrx_word' id='word_1_131' title='bbox 2258 2682 2550 2746; x_wconf 88' lang='lat' dir='ltr'><strong>iudicium</strong></span> 
     </span>
     <span class='ocr_line' id='line_1_16' title="bbox 291 2790 2546 2874; baseline -0 -17"><span class='ocrx_word' id='word_1_132' title='bbox 291 2796 408 2857; x_wconf 90' lang='lat' dir='ltr'><strong>hac</strong></span> <span class='ocrx_word' id='word_1_133' title='bbox 454 2794 533 2856; x_wconf 87' lang='lat' dir='ltr'><strong>de</strong></span> <span class='ocrx_word' id='word_1_134' title='bbox 571 2811 644 2856; x_wconf 91' lang='lat' dir='ltr'><strong>re</strong></span> <span class='ocrx_word' id='word_1_135' title='bbox 695 2794 952 2855; x_wconf 84' lang='lat' dir='ltr'><strong>assumit</strong></span> <span class='ocrx_word' id='word_1_136' title='bbox 1012 2809 1068 2871; x_wconf 84' lang='lat' dir='ltr'><strong>p.</strong></span> <span class='ocrx_word' id='word_1_137' title='bbox 1132 2790 1275 2854; x_wconf 88' lang='grc'><strong>149.</strong></span> <span class='ocrx_word' id='word_1_138' title='bbox 1381 2791 1522 2852; x_wconf 86' lang='lat' dir='ltr'><strong>Alia</strong></span> <span class='ocrx_word' id='word_1_139' title='bbox 1583 2790 1721 2852; x_wconf 91' lang='lat' dir='ltr'><strong>talis</strong></span> <span class='ocrx_word' id='word_1_140' title='bbox 1781 2790 1989 2852; x_wconf 88' lang='lat' dir='ltr'><strong>iudicii</strong></span> <span class='ocrx_word' id='word_1_141' title='bbox 2052 2791 2328 2874; x_wconf 84' lang='lat' dir='ltr'><strong>exempla</strong></span> <span class='ocrx_word' id='word_1_142' title='bbox 2383 2793 2546 2857; x_wconf 78' lang='lat' dir='ltr'><strong>infra</strong></span> 
     </span>
     <span class='ocr_line' id='line_1_17' title="bbox 282 2900 2550 2982; baseline 0.001 -18"><span class='ocrx_word' id='word_1_143' title='bbox 282 2903 654 2964; x_wconf 48' lang='lat' dir='ltr'><strong>uidebimus.</strong></span> <span class='ocrx_word' id='word_1_144' title='bbox 743 2902 840 2962; x_wconf 86' lang='lat' dir='ltr'><strong>Ab</strong></span> <span class='ocrx_word' id='word_1_145' title='bbox 901 2903 1034 2963; x_wconf 90' lang='lat' dir='ltr'><strong>aliis</strong></span> <span class='ocrx_word' id='word_1_146' title='bbox 1094 2918 1244 2964; x_wconf 83' lang='lat' dir='ltr'><strong>vero</strong></span> <span class='ocrx_word' id='word_1_147' title='bbox 1291 2900 1474 2963; x_wconf 91' lang='lat' dir='ltr'><strong>multa</strong></span> <span class='ocrx_word' id='word_1_148' title='bbox 1521 2901 1761 2980; x_wconf 84' lang='lat' dir='ltr'><strong>prolata</strong></span> <span class='ocrx_word' id='word_1_149' title='bbox 1808 2919 1985 2978; x_wconf 89' lang='lat' dir='ltr'><strong>esse,</strong></span> <span class='ocrx_word' id='word_1_150' title='bbox 2053 2919 2212 2982; x_wconf 88' lang='lat' dir='ltr'><strong>quae</strong></span> <span class='ocrx_word' id='word_1_151' title='bbox 2266 2903 2328 2963; x_wconf 92' lang='lat' dir='ltr'><strong>in</strong></span> <span class='ocrx_word' id='word_1_152' title='bbox 2373 2921 2550 2967; x_wconf 91' lang='lat' dir='ltr'><strong>usum</strong></span> 
     </span>
     <span class='ocr_line' id='line_1_18' title="bbox 293 3011 2551 3091; baseline 0.002 -19"><span class='ocrx_word' id='word_1_153' title='bbox 293 3029 490 3074; x_wconf 89' lang='lat' dir='ltr'><strong>meum</strong></span> <span class='ocrx_word' id='word_1_154' title='bbox 523 3013 896 3072; x_wconf 85' lang='lat' dir='ltr'><strong>convertere</strong></span> <span class='ocrx_word' id='word_1_155' title='bbox 931 3026 1199 3089; x_wconf 85' lang='lat' dir='ltr'><strong>possem,</strong></span> <span class='ocrx_word' id='word_1_156' title='bbox 1230 3025 1467 3088; x_wconf 82' lang='lat' dir='ltr'><strong>negare</strong></span> <span class='ocrx_word' id='word_1_157' title='bbox 1512 3011 1693 3085; x_wconf 87' lang='lat' dir='ltr'><strong>nolo;</strong></span> <span class='ocrx_word' id='word_1_158' title='bbox 1742 3027 1898 3090; x_wconf 91' lang='lat' dir='ltr'><strong>quos</strong></span> <span class='ocrx_word' id='word_1_159' title='bbox 1927 3028 2043 3072; x_wconf 89' lang='lat' dir='ltr'><strong>suo</strong></span> <span class='ocrx_word' id='word_1_160' title='bbox 2074 3027 2374 3091; x_wconf 84' lang='lat' dir='ltr'><strong>quemque</strong></span> <span class='ocrx_word' id='word_1_161' title='bbox 2410 3014 2551 3078; x_wconf 93' lang='lat' dir='ltr'><strong>loco</strong></span> 
     </span>
     <span class='ocr_line' id='line_1_19' title="bbox 295 3118 2554 3201; baseline 0.001 -17"><span class='ocrx_word' id='word_1_162' title='bbox 295 3121 648 3184; x_wconf 87' lang='lat' dir='ltr'><strong>nominabo.</strong></span> <span class='ocrx_word' id='word_1_163' title='bbox 743 3121 861 3182; x_wconf 90' lang='lat' dir='ltr'><strong>lam</strong></span> <span class='ocrx_word' id='word_1_164' title='bbox 907 3118 1071 3199; x_wconf 88' lang='lat' dir='ltr'><strong>quod</strong></span> <span class='ocrx_word' id='word_1_165' title='bbox 1119 3119 1438 3181; x_wconf 91' lang='lat' dir='ltr'><strong>consilium</strong></span> <span class='ocrx_word' id='word_1_166' title='bbox 1476 3119 1542 3183; x_wconf 88' lang='lat' dir='ltr'><strong>in</strong></span> <span class='ocrx_word' id='word_1_167' title='bbox 1587 3126 1843 3181; x_wconf 90' lang='lat' dir='ltr'><strong>munere</strong></span> <span class='ocrx_word' id='word_1_168' title='bbox 1905 3137 2043 3182; x_wconf 89' lang='lat' dir='ltr'><strong>meo</strong></span> <span class='ocrx_word' id='word_1_169' title='bbox 2088 3120 2395 3201; x_wconf 84' lang='lat' dir='ltr'><strong>explendo</strong></span> <span class='ocrx_word' id='word_1_170' title='bbox 2448 3141 2554 3187; x_wconf 90' lang='lat' dir='ltr'><strong>se-</strong></span> 
     </span>
     <span class='ocr_line' id='line_1_20' title="bbox 298 3230 2553 3313; baseline 0.003 -22"><span class='ocrx_word' id='word_1_171' title='bbox 298 3238 476 3294; x_wconf 91' lang='lat' dir='ltr'><strong>cutus</strong></span> <span class='ocrx_word' id='word_1_172' title='bbox 516 3232 628 3294; x_wconf 90' lang='lat' dir='ltr'><strong>sim</strong></span> <span class='ocrx_word' id='word_1_173' title='bbox 660 3232 873 3313; x_wconf 85' lang='lat' dir='ltr'><strong>paucis</strong></span> <span class='ocrx_word' id='word_1_174' title='bbox 919 3230 1224 3293; x_wconf 87' lang='lat' dir='ltr'><strong>indicabo.</strong></span> <span class='ocrx_word' id='word_1_175' title='bbox 1297 3230 1358 3292; x_wconf 91' lang='lat' dir='ltr'><strong>ld</strong></span> <span class='ocrx_word' id='word_1_176' title='bbox 1398 3233 1559 3293; x_wconf 89' lang='lat' dir='ltr'><strong>enim</strong></span> <span class='ocrx_word' id='word_1_177' title='bbox 1590 3231 1850 3312; x_wconf 91' lang='lat' dir='ltr'><strong>primum</strong></span> <span class='ocrx_word' id='word_1_178' title='bbox 1896 3248 2037 3293; x_wconf 89' lang='lat' dir='ltr'><strong>esse</strong></span> <span class='ocrx_word' id='word_1_179' title='bbox 2083 3233 2325 3312; x_wconf 88' lang='lat' dir='ltr'><strong>censui,</strong></span> <span class='ocrx_word' id='word_1_180' title='bbox 2371 3236 2553 3298; x_wconf 89' lang='lat' dir='ltr'><strong>undi-</strong></span> 
     </span>
     <span class='ocr_line' id='line_1_21' title="bbox 297 3340 2553 3424; baseline 0.001 -19"><span class='ocrx_word' id='word_1_181' title='bbox 297 3359 420 3424; x_wconf 89' lang='lat' dir='ltr'><strong>que</strong></span> <span class='ocrx_word' id='word_1_182' title='bbox 468 3345 868 3423; x_wconf 84' lang='lat' dir='ltr'><strong>conquirere,</strong></span> <span class='ocrx_word' id='word_1_183' title='bbox 937 3341 1158 3422; x_wconf 87' lang='lat' dir='ltr'><strong>quibus</strong></span> <span class='ocrx_word' id='word_1_184' title='bbox 1203 3340 1361 3403; x_wconf 92' lang='lat' dir='ltr'><strong>locis</strong></span> <span class='ocrx_word' id='word_1_185' title='bbox 1404 3341 1526 3402; x_wconf 89' lang='lat' dir='ltr'><strong>hoc</strong></span> <span class='ocrx_word' id='word_1_186' title='bbox 1570 3341 1667 3403; x_wconf 86' lang='lat' dir='ltr'><strong>vel</strong></span> <span class='ocrx_word' id='word_1_187' title='bbox 1709 3341 1817 3404; x_wconf 88' lang='lat' dir='ltr'><strong>illo</strong></span> <span class='ocrx_word' id='word_1_188' title='bbox 1860 3342 2169 3422; x_wconf 87' lang='lat' dir='ltr'><strong>scriptore</strong></span> <span class='ocrx_word' id='word_1_189' title='bbox 2215 3361 2365 3406; x_wconf 90' lang='lat' dir='ltr'><strong>usus</strong></span> <span class='ocrx_word' id='word_1_190' title='bbox 2410 3364 2553 3408; x_wconf 88' lang='lat' dir='ltr'><strong>esse</strong></span> 
     </span>
     <span class='ocr_line' id='line_1_22' title="bbox 297 3451 2553 3533; baseline 0.001 -17"><span class='ocrx_word' id='word_1_191' title='bbox 297 3453 655 3516; x_wconf 86' lang='lat' dir='ltr'><strong>Plutarchus</strong></span> <span class='ocrx_word' id='word_1_192' title='bbox 697 3460 870 3516; x_wconf 90' lang='lat' dir='ltr'><strong>certo</strong></span> <span class='ocrx_word' id='word_1_193' title='bbox 914 3453 1035 3515; x_wconf 87' lang='lat' dir='ltr'><strong>dici</strong></span> <span class='ocrx_word' id='word_1_194' title='bbox 1079 3458 1307 3533; x_wconf 85' lang='lat' dir='ltr'><strong>posset.</strong></span> <span class='ocrx_word' id='word_1_195' title='bbox 1369 3454 1567 3533; x_wconf 82' lang='lat' dir='ltr'><strong>Atque</strong></span> <span class='ocrx_word' id='word_1_196' title='bbox 1605 3451 1720 3514; x_wconf 90' lang='lat' dir='ltr'><strong>hac</strong></span> <span class='ocrx_word' id='word_1_197' title='bbox 1750 3452 1813 3513; x_wconf 93' lang='lat' dir='ltr'><strong>in</strong></span> <span class='ocrx_word' id='word_1_198' title='bbox 1845 3470 1917 3514; x_wconf 87' lang='lat' dir='ltr'><strong>re</strong></span> <span class='ocrx_word' id='word_1_199' title='bbox 1950 3454 2201 3529; x_wconf 89' lang='lat' dir='ltr'><strong>accidit,</strong></span> <span class='ocrx_word' id='word_1_200' title='bbox 2250 3462 2319 3516; x_wconf 86' lang='lat' dir='ltr'><strong>ut</strong></span> <span class='ocrx_word' id='word_1_201' title='bbox 2350 3458 2553 3518; x_wconf 90' lang='lat' dir='ltr'><strong>nemi-</strong></span> 
     </span>
     <span class='ocr_line' id='line_1_23' title="bbox 293 3562 2554 3646; baseline 0.001 -19"><span class='ocrx_word' id='word_1_202' title='bbox 293 3583 433 3627; x_wconf 90' lang='lat' dir='ltr'><strong>nem</strong></span> <span class='ocrx_word' id='word_1_203' title='bbox 479 3567 595 3627; x_wconf 89' lang='lat' dir='ltr'><strong>nisi</strong></span> <span class='ocrx_word' id='word_1_204' title='bbox 654 3582 812 3646; x_wconf 91' lang='lat' dir='ltr'><strong>quos</strong></span> <span class='ocrx_word' id='word_1_205' title='bbox 872 3562 1120 3626; x_wconf 85' lang='lat' dir='ltr'><strong>disertis</strong></span> <span class='ocrx_word' id='word_1_206' title='bbox 1179 3562 1389 3626; x_wconf 84' lang='lat' dir='ltr'><strong>verbis</strong></span> <span class='ocrx_word' id='word_1_207' title='bbox 1445 3563 1660 3627; x_wconf 88' lang='lat' dir='ltr'><strong>laudat</strong></span> <span class='ocrx_word' id='word_1_208' title='bbox 1703 3572 2020 3627; x_wconf 89' lang='lat' dir='ltr'><strong>auctorem</strong></span> <span class='ocrx_word' id='word_1_209' title='bbox 2066 3567 2201 3628; x_wconf 90' lang='lat' dir='ltr'><strong>eius</strong></span> <span class='ocrx_word' id='word_1_210' title='bbox 2247 3565 2554 3630; x_wconf 85' lang='lat' dir='ltr'><strong>affirmare</strong></span> 
     </span>
     <span class='ocr_line' id='line_1_24' title="bbox 297 3669 2554 3761; baseline 0 -22"><span class='ocrx_word' id='word_1_211' title='bbox 297 3693 568 3756; x_wconf 88' lang='lat' dir='ltr'><strong>possem.</strong></span> <span class='ocrx_word' id='word_1_212' title='bbox 655 3676 1009 3739; x_wconf 84' lang='lat' dir='ltr'><strong>Cavendum</strong></span> <span class='ocrx_word' id='word_1_213' title='bbox 1054 3682 1263 3739; x_wconf 86' lang='lat' dir='ltr'><strong>autem</strong></span> <span class='ocrx_word' id='word_1_214' title='bbox 1310 3669 1466 3754; x_wconf 84' lang='lat' dir='ltr'><strong>erat,</strong></span> <span class='ocrx_word' id='word_1_215' title='bbox 1511 3693 1594 3737; x_wconf 90' lang='lat' dir='ltr'><strong>ne</strong></span> <span class='ocrx_word' id='word_1_216' title='bbox 1636 3681 1870 3739; x_wconf 87' lang='lat' dir='ltr'><strong>temere</strong></span> <span class='ocrx_word' id='word_1_217' title='bbox 1924 3676 2050 3739; x_wconf 85' lang='lat' dir='ltr'><strong>tale</strong></span> <span class='ocrx_word' id='word_1_218' title='bbox 2094 3676 2237 3757; x_wconf 90' lang='lat' dir='ltr'><strong>quid</strong></span> <span class='ocrx_word' id='word_1_219' title='bbox 2284 3676 2554 3761; x_wconf 79' lang='lat' dir='ltr'><strong>collige-</strong></span> 
     </span>
    </p>
   </div>
   <div class='ocr_carea' id='block_1_5' title="bbox 192 3784 2553 3866">
    <p class='ocr_par' dir='ltr' id='par_1_5' title="bbox 192 3784 2553 3866">
     <span class='ocr_line' id='line_1_25' title="bbox 192 3784 2553 3866; baseline 0 -16"><span class='ocrx_word' id='word_1_220' title='bbox 192 3802 205 3810; x_wconf 59' lang='lat'><em>*</em></span> <span class='ocrx_word' id='word_1_221' title='bbox 292 3792 483 3853; x_wconf 89' lang='lat' dir='ltr'><strong>retur.</strong></span> <span class='ocrx_word' id='word_1_222' title='bbox 553 3787 743 3850; x_wconf 86' lang='lat' dir='ltr'><strong>Velut</strong></span> <span class='ocrx_word' id='word_1_223' title='bbox 779 3789 941 3849; x_wconf 87' lang='lat' dir='ltr'><strong>inter</strong></span> <span class='ocrx_word' id='word_1_224' title='bbox 969 3786 1281 3849; x_wconf 83' lang='lat' dir='ltr'><strong>Plutarchi</strong></span> <span class='ocrx_word' id='word_1_225' title='bbox 1325 3792 1389 3848; x_wconf 90' lang='lat' dir='ltr'><strong>et</strong></span> <span class='ocrx_word' id='word_1_226' title='bbox 1417 3784 1612 3849; x_wconf 88' lang='lat' dir='ltr'><strong>Caelii</strong></span> <span class='ocrx_word' id='word_1_227' title='bbox 1651 3786 1961 3866; x_wconf 81' lang='lat' dir='ltr'><strong>Antipatri</strong></span> <span class='ocrx_word' id='word_1_228' title='bbox 2004 3786 2338 3850; x_wconf 87' lang='lat' dir='ltr'><strong>nonnullos</strong></span> <span class='ocrx_word' id='word_1_229' title='bbox 2375 3787 2553 3851; x_wconf 90' lang='lat' dir='ltr'><strong>locos</strong></span> 
     </span>
    </p>
   </div>
   <div class='ocr_carea' id='block_1_6' title="bbox 296 3896 2554 4307">
    <p class='ocr_par' dir='ltr' id='par_1_6' title="bbox 296 3896 2554 4307">
     <span class='ocr_line' id='line_1_26' title="bbox 296 3896 2551 3979; baseline -0.001 -18"><span class='ocrx_word' id='word_1_230' title='bbox 296 3899 633 3962; x_wconf 89' lang='lat' dir='ltr'><strong>similitudo</strong></span> <span class='ocrx_word' id='word_1_231' title='bbox 694 3899 993 3979; x_wconf 87' lang='lat' dir='ltr'><strong>quaedam</strong></span> <span class='ocrx_word' id='word_1_232' title='bbox 1045 3896 1438 3961; x_wconf 89' lang='lat' dir='ltr'><strong>intercedere</strong></span> <span class='ocrx_word' id='word_1_233' title='bbox 1496 3896 1858 3974; x_wconf 82' lang='lat' dir='ltr'><strong>videbatur,</strong></span> <span class='ocrx_word' id='word_1_234' title='bbox 1904 3904 1968 3959; x_wconf 86' lang='lat' dir='ltr'><strong>et</strong></span> <span class='ocrx_word' id='word_1_235' title='bbox 2023 3904 2225 3960; x_wconf 90' lang='lat' dir='ltr'><strong>tamen</strong></span> <span class='ocrx_word' id='word_1_236' title='bbox 2271 3917 2350 3960; x_wconf 88' lang='lat' dir='ltr'><strong>ex</strong></span> <span class='ocrx_word' id='word_1_237' title='bbox 2397 3898 2551 3961; x_wconf 89' lang='lat' dir='ltr'><strong>Plut.</strong></span> 
     </span>
     <span class='ocr_line' id='line_1_27' title="bbox 301 4004 2554 4089; baseline -0 -18"><span class='ocrx_word' id='word_1_238' title='bbox 301 4008 368 4072; x_wconf 86' lang='lat' dir='ltr'><strong>G.</strong></span> <span class='ocrx_word' id='word_1_239' title='bbox 415 4009 675 4074; x_wconf 89' lang='lat' dir='ltr'><strong>Gracch.</strong></span> <span class='ocrx_word' id='word_1_240' title='bbox 727 4009 785 4084; x_wconf 91' lang='lat'><strong>1,</strong></span> <span class='ocrx_word' id='word_1_241' title='bbox 831 4006 872 4073; x_wconf 82' lang='lat'>5</span> <span class='ocrx_word' id='word_1_242' title='bbox 920 4007 1060 4072; x_wconf 85' lang='lat' dir='ltr'><strong>coll.</strong></span> <span class='ocrx_word' id='word_1_243' title='bbox 1103 4007 1226 4072; x_wconf 85' lang='lat' dir='ltr'><strong>Cic.</strong></span> <span class='ocrx_word' id='word_1_244' title='bbox 1274 4007 1354 4069; x_wconf 87' lang='lat' dir='ltr'><strong>de</strong></span> <span class='ocrx_word' id='word_1_245' title='bbox 1399 4006 1521 4069; x_wconf 87' lang='lat' dir='ltr'><strong>div.</strong></span> <span class='ocrx_word' id='word_1_246' title='bbox 1572 4006 1620 4084; x_wconf 85' lang='lat'><strong>1,</strong></span> <span class='ocrx_word' id='word_1_247' title='bbox 1664 4005 1767 4089; x_wconf 84' lang='lat'><strong>26,</strong></span> <span class='ocrx_word' id='word_1_248' title='bbox 1811 4004 1895 4071; x_wconf 85' lang='lat'><strong>56</strong></span> <span class='ocrx_word' id='word_1_249' title='bbox 1940 4015 2128 4089; x_wconf 87' lang='lat' dir='ltr'><strong>patet,</strong></span> <span class='ocrx_word' id='word_1_250' title='bbox 2176 4026 2298 4071; x_wconf 94' lang='lat' dir='ltr'><strong>non</strong></span> <span class='ocrx_word' id='word_1_251' title='bbox 2347 4015 2554 4072; x_wconf 91' lang='lat' dir='ltr'><strong>notum</strong></span> 
     </span>
     <span class='ocr_line' id='line_1_28' title="bbox 299 4117 2554 4194; baseline 0 -14"><span class='ocrx_word' id='word_1_252' title='bbox 299 4118 498 4182; x_wconf 77' lang='lat' dir='ltr'><strong>fuisse</strong></span> <span class='ocrx_word' id='word_1_253' title='bbox 542 4119 818 4185; x_wconf 85' lang='lat' dir='ltr'><strong>Caelium</strong></span> <span class='ocrx_word' id='word_1_254' title='bbox 864 4118 1215 4183; x_wconf 91' lang='lat' dir='ltr'><strong>Plutarcho.</strong></span> <span class='ocrx_word' id='word_1_255' title='bbox 1303 4117 1434 4180; x_wconf 90' lang='lat' dir='ltr'><strong>Nec</strong></span> <span class='ocrx_word' id='word_1_256' title='bbox 1480 4119 1677 4181; x_wconf 92' lang='lat' dir='ltr'><strong>minus</strong></span> <span class='ocrx_word' id='word_1_257' title='bbox 1723 4117 1890 4194; x_wconf 86' lang='lat' dir='ltr'><strong>cavi,</strong></span> <span class='ocrx_word' id='word_1_258' title='bbox 1952 4135 2032 4180; x_wconf 88' lang='lat' dir='ltr'><strong>ne</strong></span> <span class='ocrx_word' id='word_1_259' title='bbox 2076 4120 2262 4180; x_wconf 88' lang='lat' dir='ltr'><strong>certis</strong></span> <span class='ocrx_word' id='word_1_260' title='bbox 2309 4118 2554 4180; x_wconf 91' lang='lat' dir='ltr'><strong>indiciis</strong></span> 
     </span>
     <span class='ocr_line' id='line_1_29' title="bbox 297 4227 2554 4307; baseline 0 -16"><span class='ocrx_word' id='word_1_261' title='bbox 297 4229 727 4294; x_wconf 80' lang='lat' dir='ltr'><strong>deficientibus</strong></span> <span class='ocrx_word' id='word_1_262' title='bbox 784 4248 968 4295; x_wconf 83' lang='lat' dir='ltr'><strong>unam</strong></span> <span class='ocrx_word' id='word_1_263' title='bbox 1028 4228 1362 4294; x_wconf 83' lang='lat' dir='ltr'><strong>alteramve</strong></span> <span class='ocrx_word' id='word_1_264' title='bbox 1419 4246 1552 4292; x_wconf 89' lang='lat' dir='ltr'><strong>rem</strong></span> <span class='ocrx_word' id='word_1_265' title='bbox 1612 4244 1829 4292; x_wconf 87' lang='lat' dir='ltr'><strong>eorum</strong></span> <span class='ocrx_word' id='word_1_266' title='bbox 1888 4228 2076 4291; x_wconf 89' lang='lat' dir='ltr'><strong>alicui</strong></span> <span class='ocrx_word' id='word_1_267' title='bbox 2132 4227 2554 4307; x_wconf 85' lang='lat' dir='ltr'><strong>attribuerem,</strong></span> 
     </span>
    </p>
   </div>
   <div class='ocr_carea' id='block_1_7' title="bbox 1176 4338 2137 4556">
    <p class='ocr_par' dir='ltr' id='par_1_7' title="bbox 1176 4338 2137 4556">
     <span class='ocr_line' id='line_1_30' title="bbox 1176 4338 2137 4556; baseline 0.008 -9"><span class='ocrx_word' id='word_1_268' title='bbox 1176 4449 1648 4556; x_wconf 76' lang='lat'>456887</span> <span class='ocrx_word' id='word_1_269' title='bbox 2115 4338 2137 4398; x_wconf 51' lang='grc' dir='ltr'>ί</span> 
     </span>
    </p>
   </div>
  </div>
 </body>
</html>
