2967 4992
1340 284 1766 351 ...12-

418 462 486 518 ut
529 455 636 518 Cn.
680 455 920 519 Gellius
965 464 1374 535 narraverat,
1432 474 1558 538 quo
1604 457 1973 539 Dionysium
2023 472 2198 519 usum
2240 474 2386 519 esse
2443 464 2565 520 ant.
2616 460 2700 538 ll,

423 564 528 631 45.
572 565 657 629 46
712 566 972 648 egregie
1032 565 1286 649 collegit
1343 565 1582 630 Merkel
1643 567 1680 629 l.
1742 582 1792 630 s.
1855 582 1903 627 s.
1965 565 2109 629 coll.
2156 564 2393 629 Charis.
2445 568 2466 629 l
2512 585 2568 648 p.
2606 567 2698 635 39

422 675 546 757 (P.)
590 682 650 738 et
692 675 847 739 Gell.
893 676 1069 753 xm,
1114 674 1235 754 23,
1295 695 1433 739 cum
1491 676 1680 741 otium
1743 676 2013 759 egebant
2057 675 2314 739 Romani
2356 683 2420 739 et
2464 678 2697 759 Sabini,

423 786 961 848 intercedentibus
1018 786 1217 849 solum
1283 786 1454 849 illum
1515 803 1659 848 esse
1687 785 1987 849 locutum.
2087 785 2283 865 Saepe
2327 791 2527 849 sutem
2569 804 2697 868 po-

425 898 732 961 steriores
777 896 1109 960 historicos
1154 899 1432 980 origines
1479 898 1896 976 exscripsisse
1940 895 2216 958 videmus
2263 914 2345 958 ex
2389 898 2690 961 testimo-

425 1008 542 1070 niis
589 1008 767 1072 Gellii
822 1007 901 1087 X,
947 1007 1069 1085 24,
1116 1008 1155 1071 7
1209 1009 1320 1083 (de
1365 1008 1585 1071 Caelio.
1636 1003 1992 1088 Antipatro)
2053 1013 2118 1069 ct
2145 1007 2472 1070 Prisciani
2522 1008 2577 1071 X
2635 1026 2693 1089 p.

427 1116 556 1183 903
605 1116 733 1200 (P.)
778 1118 890 1195 (de
935 1119 1153 1182 Cassio
1198 1118 1501 1195 Hemina).

634 1230 776 1293 Non
821 1230 1008 1312 igitur
1049 1230 1353 1311 cogimur,
1398 1234 1463 1291 ut
1485 1226 1876 1293 Plutarchum
1924 1228 2276 1311 originibus
2317 1245 2495 1292 “nm
2540 1247 2688 1293 esse

425 1347 767 1404 statuamus
791 1361 810 1418 ;
871 1359 1011 1403 nam
1069 1340 1233 1420 quod
1296 1339 1703 1423 fragmentum
1763 1344 1932 1401 extat
1985 1339 2132 1405 Plut.
2194 1339 2423 1402 Coriol.
2484 1339 2588 1418 14,
2653 1344 2684 1404 1

422 1452 528 1532 (cl'.
572 1458 837 1533 quaestt.
885 1452 1060 1515 Rom.
1103 1450 1258 1532 49),
1311 1452 1375 1513 id
1421 1450 1650 1513 lordnn
1693 1448 1799 1531 (M.
1847 1450 2100 1513 Catonis
2142 1468 2304 1532 quae
2348 1457 2563 1516 extant
2625 1470 2686 1532 p.

431 1561 545 1639 29)
588 1565 839 1626 ratione
886 1574 1011 1625 non
1058 1561 1387 1624 sufficienti
1429 1537 1715 1644 prolegg.
1774 1578 1829 1641 p.
1875 1560 2007 1623 ux
2059 1564 2341 1641 exposita
2381 1565 2442 1623 in
2487 1564 2695 1648 origi-

423 1689 538 1734 nes
585 1672 855 1754 delegit,
915 1690 1053 1734 cum
1110 1675 1172 1735 in
1221 1687 1295 1734 ea
1342 1674 1628 1736 oratione
1670 1688 1855 1753 quam
1908 1671 2066 1734 dixit
2105 1671 2260 1736 Cato
2319 1673 2401 1734 de
2460 1674 2690 1738 ambitu

421 1789 528 1846 aut
572 1783 635 1844 in
672 1783 789 1845 alia
832 1800 950 1864 qua
1008 1787 1338 1863 corruptos
1384 1799 1592 1846 mores
1658 1782 1989 1865 castiganti
2050 1787 2173 1845 aut·
2199 1783 2381 1844 etism
2434 1784 2498 1846 in
2544 1803 2694 1851 cnr..

427 1894 589 1957 mine
632 1891 712 1955 de
757 1894 1034 1956 mor-ihus
1082 1893 1366 1955 exhiheri
1420 1897 1712 1973 potuerit.
1758 1923 1838 1936 --
1884 1892 2090 1974 Atque
2150 1907 2354 1972 nune,
2408 1898 2692 1961 necessi-

424 2011 550 2069 tate
594 2006 841 2070 sublata
886 2021 1049 2086 quae
1094 2005 1378 2087 origines
1426 2023 1462 2066 a
1507 2002 1842 2067 Plutarcho
1906 2004 2100 2067 lectus
2159 2021 2305 2068 esse
2365 2023 2481 2070 nos
2537 2022 2693 2090 pro-

422 2116 583 2181 fiteri
626 2117 903 2196 iuberet,
967 2116 1269 2179 nonnulla
1330 2114 1619 2194 afferam,
1682 2116 1903 2196 quihus
1959 2131 2087 2179 non
2141 2116 2205 2179 id
2271 2117 2503 2180 factum
2546 2132 2691 2182 esse

426 2228 680 2311 probari
741 2229 1050 2294 existimo.
1153 2227 1443 2290 Notitiam
1496 2245 1637 2290 eum
1697 2228 2004 2308 quandam
2059 2228 2376 2312 originum
2411 2230 2691 2294 Catonis

426 2339 717 2403 hahuisse
759 2340 979 2422 negari
1020 2342 1276 2421 nequit3
1321 2339 1598 2403 nominat
1641 2340 1805 2401 enim
1834 2339 1964 2402 Cat.
2009 2341 2147 2402 mai.
2191 2336 2302 2418 25,
2337 2340 2369 2403 1
2407 2336 2692 2421 ἱστορίας

426 2450 701 2514 Catenis.
789 2448 913 2514 Sed
969 2452 1226 2531 primum
1291 2447 1540 2514 mirum
1573 2456 1789 2527 esset,
1846 2447 2274 2529 Plutarchum,
2339 2451 2401 2513 si
2436 2449 2695 2532 legisset

430 2563 737 2646 origines,
783 2579 946 2642 quae
986 2579 1141 2624 sane
1188 2568 1368 2626 erant
1407 2578 1549 2624 cum
1596 2562 1825 2624 eximio
1869 2562 2143 2625 veritatis
2190 2561 2398 2624 studio
2445 2576 2697 2641 compo·-

426 2673 582 2736 sitae
627 2689 740 2751 pro
783 2673 900 2735 viri
940 2672 1103 2735 illius
1134 2672 1345 2735 indole
1391 2680 1454 2736 et
1485 2663 1583 2735 ‘in
1612 2671 1841 2754 quihus
1882 2672 2066 2735 multe
2098 2671 2403 2756 industrie
2442 2677 2506 2733 et
2541 2668 2691 2734 ‘dili-

426 2783 640 2866 gentia
687 2778 1104 2863 conparehat'‚
1171 2801 1251 2845 ne
1294 2800 1422 2846 uno
1462 2781 1711 2864 quidem
1754 2783 1947 2847 verbo
1994 2783 2434 2863 praestantiam
2480 2796 2692 2845 earum

431 2895 725 2958 laudasse
771 2913 891 2958 nec
928 2893 1257 2976 quidquam
1289 2894 1454 2976 quod
1500 2894 1822 2978 singulare
1864 2895 1981 2957 sibi
2026 2895 2222 2958 visum
2267 2898 2436 2957 esset
2477 2896 2693 2973 protn-

427 3006 622 3085 iisse,
652 3008 829 3070 sicut
868 3005 1018 3070 fecit
1059 3007 1122 3068 in
1173 3023 1368 3089 opere
1412 3007 1550 3069 eius
1591 3006 1672 3069 de
1712 3022 1786 3068 re
1829 3007 2085 3071 rustica.
2188 3003 2455 3068 Accedit
2495 3008 2695 3066 autem

430 3115 593 3179 alind
649 3117 834 3198 idque
888 3117 1160 3200 gravius.
1248 3116 1380 3179 Cat.
1442 3116 1583 3179 mai.
1631 3115 1736 3193 20,
1777 3113 1819 3180 5
1858 3116 1971 3178 -sie
2028 3114 2246 3179 scribit
2288 3113 2692 3179 Plutarchus:

428 3227 541 3290 καὶ
589 3221 700 3300 τὰς
754 3222 1053 3308 ἱστορίας
1109 3223 1178 3287 δὲ
1223 3222 1589 3308 συγγράψαι
1626 3221 1822 3309 φησὶν
1863 3221 2054 3300 αὐτὸς
2093 3224 2212 3308 (so.
2261 3219 2520 3306 Κάτων)
2561 3223 2696 3311 i'crae'qz

423 3336 596 3421 χειρὶ
629 3338 741 3402 καί
787 3333 1084 3418 μεγάλοις
1121 3316 1505 3418 ᾦρώμμασιν,
1562 3331 1735 3410 ὅπως
1785 3331 2035 3400 οὶόιοθῑν
2077 3330 2354 3416 ὑπάρχοι
2395 3336 2484 3418 τῷ
2520 3331 2700 3397 naeth*

431 3451 592 3534 πρὸς
636 3447 964 3530 ἐμπειρίαν
1005 3445 1130 3509 τῶν
1181 3448 1466 3510 παλαιῶν
1508 3445 1617 3508 καί
1662 3443 1954 3529 πατρίων·
1998 3442 2398 3530 ὠφελεῖσθαι.
2461 3446 2694 3523 Quibus

429 3562 636 3626 ver-his
678 3561 997 3625 historiam
1043 3561 1437 3642 antiquorum
1475 3566 1826 3642 temporum
1853 3557 2200 3642 significari·
2221 3566 2482 3638 apparet
2518 3556 2686 3635 inde3

431 3673 597 3756 quod
638 3674 799 3739 filius
839 3693 920 3741 ex
962 3672 1097 3736 hoc·
1124 3689 1320 3754 opere
1378 3678 1604 3735 vetera
1629 3677 1694 3734 et
1729 3672 1926 3753 patria
1965 3669 2220 3734 discere
2262 3669 2507 3748 debuit3
2567 3684 2693 3735 non

431 3787 623 3869 igitur
648 3826 668 3862 ‚
736 3793 807 3848 ut
862 3785 1145 3849 nonnulli
1196 3782 1426 3864 opinati
1467 3788 1647 3862 sunt,
1705 3788 2035 3863 praecepta
2081 3782 2158 3847 ad
2218 3781 2414 3844 filium·
2448 3781 2695 3843 intelle-

430 3894 640 3983 genda
679 3900 844 3975 sunt,
888 3897 954 3958 in
996 3894 1400 3978 quibuslicet
1433 3896 1625 3958 multa
1670 3895 1899 3958 fuerint
1945 3893 2024 3956 de
2069 3895 2365 3956 maiorum
2385 3892 2693 3971 moribus,

433 4026 559 4074 non
601 4015 805 4072 tamen
854 4026 928 4070 ea
983 4008 1370 4090 potissimum
1427 4003 1572 4069 inde
1635 4005 2051 4069 discebantur.
2152 4002 2450 4090 Origines
2490 4010 2694 4067 autem

434 4122 556 4193 hoe
597 4120 893 4201 scriptum
925 4120 1137 4198 fuisse,
1174 4119 1314 4193 solo
1346 4118 1628 4182 articulo·
1655 4112 1793 4190 τὰς·
1834 4110 2122 4196 ἱστορίαις
2149 4118 2370 4195 patet-3¹
2396 4130 2523 4178 non
2567 4113 2690 4196 igi-

433 4239 532 4298 tur
595 4233 865 4315 epitome
930 4231 1228 4313 quaedam
1300 4247 1335 4294 a
1372 4227 1655 4295 lerdano
1701 4227 1990 4311 pr‘otlegg.¹
2031 4226 2158 4290 Oat.
2198 4222 2691 4308 {pwxxtacoiss
