2967 4992
468 450 555 536 τῷ
599 448 924 534 στρατηγῶ
967 449 1548 527 παραμεμενηκέναι
1586 449 1889 529 τριετήιν,
1931 445 2070 533 fro&
2109 447 2311 528 νόμου
2350 449 2482 529 μετ’
2522 447 2750 512 ἐνιαυ-

463 582 575 623 τον
621 558 979 622 ἐπανελθεῖν
1018 555 1322 630 διδόντος,
1364 552 1562 635 μόνος
1603 557 1672 623 δὲ
1711 557 1838 620 ταῖν
1897 556 2457 639 στρατευσαμένων
2498 560 2746 642 πλῆρες

463 667 534 732 τὸ
592 663 928 748 βαλάντιον
988 662 1385 747 ειςενηνοχώς
1440 667 1617 731 κενόν
1657 667 2112 750 ἐξενηνοχέναι,
2172 668 2321 739 τοῦς
2374 668 2434 729 δ’
2496 661 2746 744 αλλους

464 774 794 848 ἐκπιόντας
851 770 923 838 ὸν
967 774 1312 857 εἰςηνεγκαν
1352 796 1556 856 οινον,
1625 770 1937 859 α’ργυριόυ
2001 799 2105 839 και
2143 774 2423 858 χρυσίου
2462 796 2748 855 μεστους

465 886 647 965 δεῦρο
690 880 840 958 τούς
902 878 1210 967 ἀμφορεῖς
1267 877 1433 965 ήκειν
1477 881 1869 963 κομίζοντας.
1961 885 2057 949 Ac
2123 886 2312 949 verbu
2381 886 2743 968 posteriora

464 997 619 1059 mire
663 996 1058 1058 consentiunt
1100 1010 1240 1056 cum
1284 991 1467 1056 Gellii
1507 993 1640 1069 XV,
1690 993 1795 1072 12,
1837 993 1915 1058 4:
1987 1040 2021 1075 ,‚
2009 987 2306 1077 ‘ltaque‘‚
2370 996 2571 1078 iuquit
2616 996 2738 1080 (sc.

470 1105 537 1168 C.
585 1103 969 1186 Gracchus),
1029 1099 1359 1182 ‘Quirites‚
1408 1121 1548 1166 cum
1593 1103 1849 1167 Romam
1893 1103 2216 1185 profectus
2281 1123 2457 1185 sum,
2514 1122 2740 1187 zonas,

469 1232 624 1296 quas
671 1217 882 1296 plenas
929 1215 1169 1298 argenti
1213 1215 1436 1293 extuli,
1483 1231 1592 1277 eas
1625 1232 1706 1277 ex
1732 1216 2054 1296 provincia
2085 1216 2304 1279 inanes
2333 1218 2539 1282 retuli.
2610 1217 2743 1282 Alii

470 1327 595 1389 vini
641 1326 992 1407 amphoras,
1037 1343 1195 1407 quas
1239 1326 1453 1407 plenas
1499 1325 1800 1403 tulerunt,
1847 1342 1953 1388 eas
1996 1334 2262 1407 argento
2303 1326 2578 1407 repletas
2618 1326 2743 1391 do·-

467 1454 627 1498 mum
669 1429 1235 1517 reportaverunt'“;
1279 1441 1341 1498 at
1383 1454 1465 1497 ex
1507 1435 1818 1498 concione
1849 1435 1926 1497 ad
1968 1437 2260 1518 populum
2291 1435 2530 1501 Gellius
2575 1436 2734 1502 haec

464 1547 707 1629 repetit.
793 1544 935 1608 Non
982 1547 1122 1624 erit,
1172 1545 1395 1628 opinor
1424 1590 1442 1623 ‚
1487 1545 1593 1626 qui
1640 1544 1702 1608 in
1751 1543 1992 1608 duabus
2038 1547 2424 1611 orationibus
2470 1546 2739 1612 Gracchi

468 1658 685 1721 eadem
731 1656 923 1719 fuisse
967 1656 1195 1736 scripta
1241 1655 1568 1719 existimet.
1655 1652 1974 1736 Nusquam
2036 1663 2239 1719 autem
2296 1656 2361 1718 in
2421 1658 2737 1721 concione

474 1783 773 1831 censores
816 1767 943 1828 reis
987 1767 1087 1828 ius
1130 1764 1367 1828 dixisse
1410 1765 1781 1842 invenimuS,
1827 1766 1948 1827 nisi
1993 1766 2161 1847 quod
2203 1773 2343 1846 post
2387 1767 2739 1832 damnatio-

472 1896 611 1939 nem
651 1878 898 1958 saepius
945 1893 1152 1939 coram
1196 1877 1422 1957 populo
1467 1892 1717 1938 causam
1761 1864 1898 1938 eius
1927 1878 2264 1958 quaesitam
2297 1895 2439 1943 esse
2483 1879 2741 1959 scimus,

479 2007 536 2050 v.
583 1988 733 2050 Plut.
774 1987 902 2051 Cat.
963 1988 1102 2048 mai.
1153 1972 1257 2065 17,
1300 1984 1341 2050 5
1382 1986 1639 2050 Flamin.
1689 1985 1802 2065 19,
1854 1986 1885 2048 1
1929 2004 2043 2068 sq..
2086 1987 2163 2051 cf.
2208 1986 2546 2072 Goettling.
2594 1988 2737 2054 hist.

469 2098 717 2179 politiae
757 2097 928 2161 Rom.
973 2116 1031 2178 p.
1077 2082 1222 2161 340.
1311 2098 1435 2159 Aut
1478 2097 1667 2179 igitur
1715 2096 2081 2160 Plutarchus
2129 2103 2233 2161 aut
2276 2095 2514 2161 Gellius
2558 2116 2738 2163 erra-

472 2209 576 2273 vit.
667 2208 744 2269 Et
795 2206 941 2269 mihi
1006 2184 1247 2288 quidem
1316 2205 1624 2269 Plutarchi
1677 2223 1821 2269 esse
1883 2224 2166 2270 errorem
2210 2224 2580 2288 persuasum
2622 2217 2738 2274 est.

471 2318 624 2382 Nam
671 2316 944 2393 Gellius,
995 2312 1118 2397 'qui
1162 2316 1347 2378 multa
1408 2315 1486 2377 ad
1535 2296 1793 2379 verbum
1854 2333 1935 2378 ex
1980 2318 2268 2381 oratione
2327 2317 2543 2399 affert,
2600 2321 2734 2384 cum

471 2428 723 2508 scripsit
764 2427 956 2507 ipsam
1001 2432 1140 2489 ante
1186 2426 1403 2490 oculos
1448 2425 1698 2489 videtur
1742 2427 2069 2504 habuisse3
2127 2428 2293 2510 apud
2338 2429 2722 2495 Plutarchum

471 2556 627 2602 vero
675 2554 834 2618 quae
881 2536 1037 2599 dixit
1081 2534 1404 2599 Gracchus
1447 2553 1574 2599 non
1614 2536 1808 2618 ipsius
1854 2536 2086 2615 verbis,
2130 2536 2245 2601 sed
2290 2541 2579 2604 oratione
2624 2541 2738 2606 ob-

472 2647 637 2729 liqua
671 2649 944 2727 exposita
983 2653 1144 2711 sunt.
1204 2647 1532 2710 Praeterea
1580 2664 1743 2728 quae
1781 2648 1978 2728 primo
2017 2646 2162 2710 loco
2192 2647 2551 2710 Plutarchus
2586 2667 2742 2729 pro-

475 2757 630 2834 tulit,
677 2776 751 2820 ea
783 2763 1010 2819 tantum
1056 2757 1131 2819 ad
1162 2755 1570 2827 refellendum
1601 2758 1834 2819 crimen
1869 2763 2003 2837 apta
2047 2765 2224 2831 sunt,·
2264 2774 2400 2819 nam
2446 2756 2617 2837 quod
2662 2755 2734 2819 C.

480 2866 803 2931 Gracchus
845 2885 919 2930 se
963 2866 1123 2931 bene
1164 2884 1382 2930 munus
1425 2885 1602 2929 suum
1647 2866 2002 2949 explevisse
2043 2863 2376 2943 contendit,
2418 2864 2482 2929 id
2520 2882 2738 2947 parum

477 2978 557 3042 ad
587 2978 872 3042 relictum
900 2979 978 3040 ab
1021 2993 1099 3042 eo
1141 2985 1511 3059 praetorem.
1570 2979 1785 3060 ltaque
1810 2996 1889 3039 ex
1908 2976 2144 3041 duabus
2167 2960 2553 3041 orationibus
2578 2976 2736 3058 apud

475 3104 778 3152 censores
825 3094 890 3151 et
933 3088 1010 3151 ad
1050 3081 1344 3168 populum
1386 3088 1451 3149 in
1498 3089 1805 3151 concione
1847 3085 2068 3150 habitis
2114 3087 2270 3149 haec
2320 3104 2356 3148 a
2406 3086 2736 3150 Plutarcho

478 3197 666 3260 mixta
711 3210 862 3260 esse·
885 3214 1141 3272 censeo,
1190 3197 1289 3259 cui
1333 3196 1616 3278 opinioni
1650 3197 2082 3261 adminiculum
2113 3193 2421 3278 quoddam
2458 3196 2563 3261 r'es
2605 3197 2738 3276 ipsa

451 3309 753 3388 praebet.
821 3308 999 3388 Apud
1034 3307 1418 3370 Plutarchum
1450 3308 1610 3370 enim
1642 3306 1954 3374 Gracchus
1992 3307 2317 3371 triennium
2362 3325 2435 3370 se
2476 3308 2541 3369 in
2584 3323 2737 3386 pro-

453 3418 683 3480 ·vincia
716 3417 913 3481 fuisse
941 3418 1109 3494 dicit,
1154 3417 1468 3479 biennium
1496 3415 1654 3499 apud
1688 3415 1942 3481 Gellium
1972 3418 2014 3482 l.
2059 3435 2110 3480 s.
2155 3434 2207 3480 S.
2250 3425 2305 3491 5.
2337 3416 2397 3481 3.
2452 3417 2603 3481 Nam
2650 3423 2739 3495 ut,

481 3530 537 3590 si
581 3529 778 3591 minus
821 3533 1110 3590 accurate
1156 3527 1545 3608 loquebatur,
1588 3530 1917 3591 triennium
1977 3546 2047 3589 se
2095 3526 2371 3589 abfuisse
2432 3525 2736 3589 affirmare

479 3639 757 3718 potuerit
803 3637 912 3714 (cf.
960 3637 1126 3718 Pigh.
1173 3654 1311 3698 ann.
1341 3636 1514 3699 Rom.
1559 3638 1660 3702 lll.
1706 3638 1941 3720 p.‘49),
1989 3645 2193 3699 tamen
2235 3638 2297 3700 in
2331 3637 2546 3700 eadem
2592 3653 2742 3699 ora-

478 3747 652 3809 tione
700 3756 1024 3828 utrumque
1062 3749 1320 3810 rationis
1362 3765 1567 3830 genus
1612 3755 1971 3828 usurpatum
2018 3765 2158 3810 esse
2198 3766 2232 3811 a
2278 3749 2411 3811 veri
2459 3747 2740 3810 similitu-

487 3855 633 3918 dine
678 3857 989 3922 abhorret.
1078 3857 1420 3920 violentius
1476 3865 1675 3921 autem
1720 3859 1959 3938 Lipsius
2019 3864 2141 3922 ant.
2185 3858 2355 3920 lectt.
2408 3854 2487 3934 5,
2540 3855 2585 3918 4
2627 3871 2740 3936 pro

468 3961 833 4030 ‘biennium'
871 3970 1124 4049 scripsit
1149 3962 1528 4047 ‘triennum‘,
1570 3965 1800 4032 διετίαν
1829 3964 2246 4049 ρτοὲτριετίαν
2284 3962 2624 4047 Xylander.
2657 4001 2740 4012 -—

481 4075 796 4157 Epistulae
840 4078 903 4143 C.
953 4077 1216 4141 Gracchi
1261 4096 1401 4142 num
1445 4083 1629 4142 notae
1678 4077 1910 4139 fuerint
1953 4075 2283 4140 Plutarcho
2345 4076 2572 4158 ambigi
2617 4092 2739 4154 po-

480 4195 618 4251 test.
724 4189 923 4252 Habet
978 4187 1225 4269 quidem
1284 4184 1803 4252 narratiunculam
1862 4187 2023 4250 illam
2094 4184 2173 4247 de
2230 4184 2571 4269 anguibus,
2630 4185 2739 4265 qui

2939 528 2945 613 1
