2967 4992
1187 263 1611 332 ...27-

252 435 517 499 duobus
538 434 734 530 ‚libris
779 436 1267 516 perstrinxisset,
1313 436 1519 501 subito
1565 439 1667 500 sic
1720 438 2131 503 narrationem
2187 458 2356 504 suam
2415 460 2535 506 ex-

256 544 568 621 tendisse,
623 550 692 607 ut
747 541 1132 628 undeviginti
1189 546 1362 611 libris
1423 547 1865 630 quinquaginta
1924 565 2040 611 sex
2106 565 2302 613 annos
2359 568 2535 615 com-

257 655 670 737 plecteretur.
764 654 923 729 Quid
968 659 1170 719 tamen
1214 673 1328 736 pro
1384 656 1571 720 ‘idem
1607 657 1698 721 *Ill
1757 649 1945 740 ponit'
2002 659 2399 723 scribendum
2454 663 2540 725 sit

258 763 515 827 difficile
561 770 658 829 est
697 764 950 843 dicere3
997 765 1270 830 fortasse
1300 763 1494 829 ‘idem
1536 762 1669 845 ΧΓ,
1728 774 1857 830 tum
1903 768 2044 831 libri
2085 769 2339 833 Ill—XI
2383 790 2537 836 con·

260 877 546 940 tinerent
614 873 934 938 historiam
1002 875 1386 955 reipublicae
1444 877 1598 939 circ.
1669 883 2089 941 trecentorum
2139 881 2537 964 septuaginta

262 1002 598 1064 annorum,
641 985 783 1048 libri
826 985 1170 1050 Xl-XXll
1214 987 1368 1049 circ.
1416 987 1870 1070 quinquaginta
1913 1005 2052 1065 sex,
2098 988 2239 1051 libri
2281 989 2535 1055 XXll—

263 1096 426 1159 XLV
470 1095 617 1158 circ.
678 1094 898 1179 viginti
954 1101 1189 1176 septem
1243 1114 1583 1174 annorum,
1649 1096 1803 1164 Geli.
1862 1096 1943 1161 VI
2002 1095 2187 1179 (vll),
2246 1099 2310 1177 9,
2356 1100 2420 1177 9,
2459 1101 2535 1165 ct'.

267 1206 444 1291 Pigh.
508 1220 652 1271 ann.
710 1204 883 1272 Rom.
943 1205 1046 1271 lli.
1102 1223 1158 1286 p.
1219 1206 1365 1271 121.
1421 1207 1631 1270 Potest
1688 1208 1868 1271 etiam
1926 1207 2252 1287 scripsisse
2309 1208 2538 1273 Plinius

258 1314 434 1380 ‘item
466 1307 570 1394 11³,
610 1320 679 1380 ut
718 1316 1074 1380 Plutarchus
1119 1330 1391 1399 quoque,
1436 1317 1542 1398 qui
1587 1332 1671 1380 ex
1701 1318 1956 1381 Antiate
1998 1335 2110 1381 sna
2141 1317 2367 1398 bausit,
2411 1320 2536 1384 fata

264 1429 570 1492 librorum
610 1426 844 1491 Numae
888 1428 1075 1490 huius
1134 1426 1310 1509 regis
1355 1428 1519 1490 vitae
1565 1425 1773 1506 adicit,
1812 1427 1987 1492 Num.
2032 1426 2142 1505 22,
2187 1429 2246 1493 4.

434 1537 574 1602 Non
619 1554 775 1602 raro
816 1543 1016 1601 autem
1061 1537 1428 1601 Plutarchus
1475 1539 1724 1602 Antiate
1769 1544 2037 1603 auctore
2096 1540 2304 1603 utitur.
2393 1541 2535 1604 Pri-

268 1667 434 1713 mum
491 1649 770 1712 nominat
825 1665 966 1710 eum
1027 1647 1199 1710 Rom.
1264 1648 1384 1724 14,
1445 1647 1513 1725 6,
1561 1665 1742 1729 quem
1798 1649 2037 1729 locum,
2082 1655 2152 1711 ut
2189 1651 2306 1712 iam
2347 1667 2531 1732 supra

263 1759 580 1839 indicavi,
627 1776 764 1823 cnm
807 1757 1185 1841 Kiesslingio
1231 1758 1272 1824 l.
1315 1775 1365 1824 s.
1415 1776 1470 1823 s.
1507 1776 1566 1842 p.
1611 1757 1697 1823 27
1748 1760 1844 1822 sic
1884 1734 2221 1843 legendum
2266 1777 2529 1825 censeo.

263 1864 672 1950 ἁρπασθῆναι
723 1863 796 1932 δέ
841 1888 1040 1950 φασιν
1081 1862 1144 1927 οἱ
1197 1869 1318 1946 μὲν
1355 1867 1696 1951 τριάκοντα
1728 1864 1951 1949 μόνας,
1994 1863 2106 1951 ἀφ’
2147 1859 2234 1931 ὧν
2283 1890 2387 1929 και
2420 1869 2533 1942 τὰς

263 1975 577 2060 φρατρίας
617 1972 1085 2059 ὀνομασθῆναι,
1136 1972 1339 2057 Ἰόβας
1377 1977 1446 2041 δὲ
1481 1972 1647 2037 ἑπτὰ
1689 1974 1801 2040 καὶ
1839 1975 2039 2041 είκοσι
2080 1998 2181 2037 και
2225 2000 2531 2042 πεντακο-

269 2085 453 2168 σίας,
513 2085 867 2170 Οὐαλέριος
923 2082 994 2146 δὲ
1045 2081 1296 2160 Ἀντίας
1349 2093 1519 2169 τρεῖς
1570 2110 1673 2148 και
1726 2076 2105 2168 ὄγδοήκοντα
2159 2088 2270 2150 και
2306 2079 2530 2161 ἑξακο-

266 2194 413 2273 σίας
469 2193 846 2277 παρθένυυς.
903 2228 989 2243 --
1044 2197 1138 2261 De
1189 2198 1425 2262 Numae
1479 2198 1731 2280 scriptis
1793 2195 1977 2260 modo
2035 2195 2205 2276 dixi,
2265 2215 2530 2280 quorum

267 2324 584 2371 numerum
631 2324 785 2370 cum
810 2307 992 2371 aliter
1036 2309 1140 2371 alii
1181 2309 1524 2388 traderent,
1569 2306 1927 2372 Plutarchus
1980 2308 2288 2371 Valerium
2331 2324 2525 2373 secu-

267 2424 370 2482 t-us
428 2425 529 2482 est
575 2418 748 2484 Num.
807 2417 929 2497 22,
986 2419 1060 2483 4:
1120 2416 1181 2483 οἱ
1240 2418 1310 2483 δὲ
1368 2414 1516 2498 περὶ
1565 2409 1819 2478 Ἀντίαν
1877 2413 2236 2498 ἱστοροῦσι,
2291 2416 2531 2484 δώδεκα

267 2527 388 2607 μὲν
439 2519 597 2589 εἶναι
647 2525 911 2606 βίβλους
970 2522 1409 2611 ἱεροφαντικάς
1420 2575 1443 2605 ,
1500 2518 1741 2590 δώδεκα
1790 2524 1859 2588 δὲ
1915 2516 2114 2598 ἄλλως
2170 2523 2532 2610 Ἑλληνικὰς

270 2633 666 2721 φιλοσόφους
707 2639 822 2710 τὰς
866 2636 954 2710 εἰς
997 2639 1114 2715 τὴν
1155 2636 1354 2714 σορὸν
1396 2635 1821 2718 συντεθτάιας,
1881 2637 1961 2701 cf.
2012 2639 2163 2704 Ptin.
2207 2638 2369 2716 xlii,
2414 2638 2522 2717 27,

267 2745 374 2825 87,
427 2747 532 2810 ubi
592 2748 754 2813 cano
804 2743 976 2813 ‘duo‘
1056 2767 1173 2831 pro
1220 2740 1598 2813 ‘duodecim’
1659 2748 2004 2833 legebatur.
2069 2784 2151 2797 --
2210 2750 2529 2813 Valerium

275 2857 457 2920 habet
496 2865 818 2923 auctorem
860 2860 1116 2924 Flamin.
1156 2860 1274 2939 18,
1335 2859 1378 2926 3
1434 2877 1574 2943 sqq.
1633 2859 1726 2924 cf.
1780 2860 1905 2925 Cat.
1945 2860 2083 2925 mai.
2132 2860 2237 2939 17,
2282 2859 2323 2924 2
2369 2878 2530 2942 sqq„

274 2967 333 3035 L.
381 2967 779 3032 Flamininum
826 2986 949 3034 non
987 2988 1183 3052 puero
1214 2970 1447 3035 dilecto
1486 2971 1603 3035 sed
1646 2970 1890 3051 puellae
1918 2970 2362 3052 obsequentem
2402 2987 2530 3035 non

272 3076 649 3162 transfugam
691 3078 804 3143 sed
850 3080 1071 3163 capitis
1101 3079 1454 3145 damnatum
1497 3081 1707 3146 securi
1752 3081 1989 3163 percuti
2027 3081 2306 3159 iussisse,
2352 3080 2532 3144 Cice-

272 3190 568 3273 ronisque
613 3192 965 3257 testimonio
1022 3189 1132 3274 (de
1175 3198 1413 3259 senect.
1459 3192 1564 3272 12,
1608 3191 1723 3274 42)
1781 3193 2036 3257 alteram
2074 3191 2338 3257 Antiatis
2380 3209 2531 3267 sen·-

270 3301 515 3365 tentiam
561 3301 841 3366 defendit
894 3322 931 3366 a
986 3303 1186 3367 nimiis
1244 3304 1408 3368 Livii
1468 3302 1729 3367 XXXIX
1744 3349 1764 3382 ,
1823 3300 1910 3369 43
1978 3304 2527 3370 criminationibus.

271 3447 353 3460 —-·
395 3413 518 3477 lam
560 3419 757 3478 restat
821 3420 889 3479 nt
941 3414 1307 3499 indagemus
1325 3461 1343 3494 ,
1404 3416 1511 3480 ubi
1570 3414 1935 3480 Plutarchus
1958 3459 1979 3494 ,
2038 3416 2159 3481 etsi
2217 3415 2529 3478 Valerium

271 3541 394 3589 non
437 3527 735 3605 nominet,
779 3531 985 3591 tamen
1028 3545 1111 3592 ex
1150 3544 1234 3593 eo
1281 3532 1594 3591 mutuatus
1638 3526 1737 3592 sit.

440 3633 863 3700 Gen-tissimum
919 3637 1101 3703 huius
1158 3639 1257 3703 rei
1315 3640 1656 3720 exemplum
1706 3636 2056 3719 reperimus
2110 3635 2290 3700 Num.
2340 3633 2446 3715 15,
2485 3633 2527 3700 3

271 3763 396 3829 sqq.
443 3747 588 3811 coll.
632 3745 869 3816 Arnob.
906 3749 996 3829 V,
1046 3751 1078 3814 1
1101 3796 1123 3830 ,
1181 3749 1286 3814 ubi
1344 3769 1424 3814 ex
1470 3749 1737 3814 Antiatis
1783 3749 2096 3813 annalium
2137 3747 2299 3813 libro
2346 3747 2401 3811 11
2447 3745 2529 3810 de

274 3857 414 3922 love
456 3856 659 3925 Elicio
703 3857 999 3924 refertur.
1054 3860 1390 3951 ‘Narratur
1429 3860 1622 3924 Numa
1668 3860 1873 3923 Picum
1929 3865 1998 3922 et
2048 3859 2321 3925 Fanum
2380 3856 2526 3923 dolo

277 3971 534 4051 cepisse,
572 3971 725 4036 vino
769 3989 967 4054 aquae
1008 3969 1201 4036 fontis
1220 4017 1239 4053 ,
1298 3970 1466 4034 unde
1520 3970 1610 4034 illi
1651 3970 1869 4034 bibere
1912 3971 2078 4034 soliti
2124 3975 2358 4048 essent,
2406 3970 2525 4031 im-

277 4081 478 4144 mixto.
567 4082 714 4145 Tum
761 4082 1143 4162 Plutarchus,
1197 4089 1518 4164 postquam
1563 4080 1738 4145 aliam
1781 4080 1861 4143 de
1906 4083 2037 4158 eis,
2095 4098 2256 4162 quac
2300 4097 2526 4141 secun-

278 4200 392 4271 tur,
450 4191 844 4259 traditionem
888 4191 1101 4273 dedit,
1157 4194 1250 4259 sic
1290 4192 1526 4276 pergit:
1584 4185 1736 4253 ἔνιοι
1788 4186 1859 4251 δὲ
1911 4185 1986 4251 οὐ
2030 4185 2178 4263 τοὺς
2222 4185 2525 4266 δαιζιιονάς
