2967 4992
1356 256 1776 324 ..25-

439 424 654 496 storia’
687 428 926 493 narsus
957 435 1021 492 et
1044 427 1237 493 Orelli
1266 429 1548 493 scribere
1578 428 1854 494 debuere
1867 423 2192 492 &bennae
2221 423 2521 506 historia‘‚
2563 444 2718 493 sus·

437 557 562 623 que
605 541 807 623 deque
850 539 1053 603 habita
1107 540 1371 604 omnium
1403 540 1688 604 codicum
1735 539 2107 603 auctoritate
2120 559 2140 615 3
2184 556 2326 602 nam
2365 544 2490 603 tum
2521 540 2712 603 etiam

438 667 553 734 pro
586 643 761 728 ‘ille'‚
806 649 976 731 quod
1023 656 1121 712 est
1165 649 1228 711 in
1275 649 1617 730 codicibus,
1649 642 1864 715 ‘Sulla’
1911 647 2265 728 ponendum
2303 656 2432 726 est3
2478 651 2716 713 nimiae

439 768 640 826 autem
685 757 985 823 audaciae
1029 767 1127 823 est
1173 760 1588 823 coniecturam
1648 758 1757 823 tali
1800 758 1986 824 modo
2047 759 2410 822 coniectura
2455 757 2708 822 fulcire.

438 870 731 935 Inusitata
773 885 928 933 sane
981 875 1080 933 est
1112 864 1418 934 ‘historia‘
1462 886 1587 932 vox
1627 884 1744 950 pro
1776 861 1946 932 ‘libri
1990 886 2201 931 rerum
2246 859 2709 947 suarum',·sed

437 980 590 1044 ferri
633 986 838 1062 potest
881 980 1123 1060 opinor.
1205 980 1387 1042 'l’este
1431 981 1597 1043 enim
1638 978 1838 1043 Gellio
1880 978 1952 1058 V,
1991 978 2085 1065 ¹18.
2120 978 2253 1043 init.
2296 978 2548 1042 fuerunt
2601 980 2709 1060 qni

437 1089 752 1154 historiam
815 1091 1231 1154 narrationem
1277 1106 1492 1153 earum
1548 1105 1774 1153 rernm-
1820 1089 2153 1166 ducerent,
2219 1087 2444 1169 quibus
2501 1089 2705 1153 inter-

434 1200 654 1265 fuisset
695 1201 749 1263 is
801 1201 909 1281 qui
953 1205 1239 1264 narraret
1280 1199 1391 1271 (cf.
1435 1196 1864 1280 Nipperdeium
1909 1196 2101 1279 praef.
2155 1197 2254 1262 ed.
2314 1214 2455 1262 aun.
2513 1199 2705 1263 Tacit.

435 1329 497 1392 p.
543 1309 643 1392 X).
692 1310 1016 1375 Praeterea
1064 1310 1431 1375 Plutarchus
1480 1308 1732 1377 Lucull„
1756 1309 1817 1387 1,
1860 1306 1901 1372 3
1944 1308 2139 1389 ipsum
2179 1306 2409 1374 Sullam
2447 1317 2707 1373 secatus

433 1420 732 1485 historiae
793 1437 953 1484 voce
998 1422 1222 1498 utitur,
1279 1437 1438 1501 quae
1478 1419 1685 1500 aliqua
1733 1425 1905 1482 certe
1950 1436 2032 1482 ex
2076 1426 2251 1499 parte
2294 1419 2372 1483 ad
2419 1418 2703 1484 Sullanos

431 1531 908 1593 commentarios
953 1530 1232 1611 pertinet.

605 1638 762 1702 Belli
789 1638 1033 1702 Marsici
1079 1638 1396 1702 historiam
1428 1657 1464 1702 a
1489 1639 1753 1704 Lucullo
1799 1636 2120 1704 admodum
2149 1639 2376 1702 iuvene
2403 1638 2692 1719 scriptam

428 1765 575 1812 esse
619 1750 739 1812 etsi
783 1748 960 1812 novit
1002 1748 1371 1813 Plutarchus
1422 1748 1658 1815 Lucull.
1707 1749 1768 1828 1,
1808 1746 1874 1828 5,
1918 1747 2251 1813 adhibitam
2298 1756 2502 1812 tamen
2549 1764 2694 1812 esse

429 1858 505 1921 ab
552 1874 663 1919 eo-
697 1875 826 1920 non
871 1856 1278 1935 crediderim,
1349 1860 1493 1939 quia
1549 1858 1698 1922 nihil
1738 1858 1873 1922 fere
1929 1858 2009 1921 de
2054 1857 2174 1921 hoc
2212 1857 2378 1922 bello
2419 1858 2693 1923 tradidit.

606 1967 895 2031 Venimus
940 1966 1016 2031 ad
1058 1984 1197 2031 eum
1216 2015 1235 2047 ,
1294 1967 1401 2050 qui
1442 1968 1751 2033 fusissime
1812 1967 2137 2032 historiam
2178 1968 2516 2032 Romanam
2552 1975 2693 2032 tra-

427 2077 614 2142 ctavit
637 2125 655 2158 ‚
717 2078 1035 2143 Valerium
1097 2077 1237 2144 dico
1305 2077 1645 2143 Antiatem.
1751 2076 2031 2142 Liebaldt
2095 2078 2343 2160 quidem
2408 2077 2516 2162 (de
2559 2079 2690 2144 Val.

424 2187 567 2252 Ant.
620 2207 761 2272 pag.
819 2185 888 2268 6)
950 2193 1112 2250 teste
1177 2188 1371 2252 Plinio
1431 2188 1611 2267 xm,
1668 2188 1791 2268 27,
1849 2188 1936 2255 88
1999 2183 2213 2271 (idem
2269 2190 2458 2254 tertio
2517 2191 2695 2271 ponit

427 2314 552 2380 quo
600 2297 877 2361 comburi
942 2314 1056 2360 eos
1099 2300 1219 2375 (sc.
1263 2298 1502 2363 Numae
1546 2298 1771 2376 libros)
1808 2291 2155 2380 placuerit‘)
2200 2297 2512 2363 Antiatem
2551 2306 2688 2363 ter-

428 2418 514 2479 tio
549 2417 707 2480 libro
754 2434 949 2498 usque
993 2415 1069 2480 ad
1114 2434 1340 2480 annum
1387 2416 1719 2483 lOLXXlll
1764 2416 1867 2500 (cf.
1909 2418 2029 2481 Liv.
2063 2416 2186 2497 XL,
2226 2415 2351 2503 29)
2391 2434 2691 2503 progres-

425 2543 560 2589 sum
619 2543 763 2590 esse
821 2527 1133 2591 existimat
1148 2545 1169 2603 3
1225 2545 1362 2590 cum
1429 2531 1630 2591 autem
1691 2529 1755 2590 in
1794 2527 2075 2591 secundo
2140 2528 2301 2593 libro
2360 2529 2441 2591 de
2493 2529 2689 2592 Numa

425 2635 652 2700 dixerit
693 2636 804 2711 (cf.
857 2637 1007 2699 Plin.
1059 2636 1097 2701 1.
1141 2653 1194 2701 s.
1237 2652 1287 2700 s.
1330 2643 1385 2711 9.
1423 2636 1571 2715 87),
1626 2636 1870 2702 duobus
1919 2638 2014 2702 his
2057 2638 2235 2703 libris
2277 2640 2550 2720 quinque
2606 2636 2685 2701 ad

424 2746 732 2809 minimum
790 2746 1065 2809 saecula.
1104 2751 1397 2809 contenta
1459 2745 1657 2809 fuisse
1712 2763 1974 2810 necesse
2032 2754 2146 2813 est.
2246 2748 2450 2811 Latius
2495 2748 2686 2831 igitur

425 2855 644 2920 Fabius
690 2857 897 2920 Pictor
936 2857 1222 2937 antiquas
1263 2873 1367 2919 res
1412 2854 1853 2936 descripserat,
1885 2859 1998 2939 qui
2035 2864 2256 2940 quarto
2299 2859 2456 2922 libro
2483 2870 2685 2939 usque

424 2967 501 3029 ad
556 2963 703 3030 ‘duo
761 2973 825 3030 et
870 2965 1318 3048 vicesimum‘‹1)
1391 2984 1620 3030 annum
1664 2976 1803 3048 post
1868 2968 2106 3032 cladem
2163 2964 2502 3033 Alliensem
2545 2987 2687 3050 per-

423 3079 594 3142 venit
651 3078 762 3155 (cf.
826 3075 984 3143 Gen.
1055 3077 1130 3155 V,
1189 3077 1284 3155 4),
1346 3094 1708 3160 quamquam
1769 3078 1952 3142 aliter
2016 3079 2268 3143 videtur
2321 3079 2403 3143 de
2467 3078 2686 3142 horum

421 3187 705 3250 ubertate
748 3189 1025 3250 sensisse
1068 3187 1406 3269 Dionysius
1455 3186 1505 3266 1,
1550 3186 1591 3252 6
1621 3187 1763 3254 coll.
1794 3205 1848 3256 c.
1892 3189 1964 3252 7.·
1999 3187 2259 3252 Accedit
2301 3189 2470 3271 quod
2499 3188 2686 3252 Hertz

422 3306 577 3372 Geli.
623 3307 702 3370 Vl
747 3304 934 3388 (Vll),
983 3306 1048 3386 9,
1098 3304 1348 3387 12,‘ubi
1391 3324 1499 3369 res
1541 3325 1597 3371 a.
1640 3323 1702 3371 u.
1741 3304 2033 3372 locxvn
2077 3315 2256 3392 gesta
2314 3326 2396 3370 ex
2442 3307 2685 3370 Antiate

422 3416 739 3496 refertur,
814 3418 1179 3497 optimorum
1239 3416 1525 3479 codicum
1565 3418 1932 3482 auctoritate
1975 3419 2251 3483 restituit
2279 3417 2431 3482 libri
2474 3434 2686 3480 nume-

419 3547 558 3591 rum
605 3528 775 3592 XXII
831 3545 944 3608 pro
989 3527 1139 3605 ΧΠ,
1199 3531 1269 3589 ut
1324 3533 1508 3591 antea
1564 3527 1907 3610 legebatur.
1996 3527 2178 3592 Nunc
2219 3530 2372 3593 satis
2417 3522 2683 3592 dilucide

421 3645 713 3721 apparet,
761 3650 1082 3701 numerum
1129 3637 1295 3700 illum
1341 3637 1681 3700 Plinianum
1724 3654 1864 3702 esse
1910 3645 2306 3721 corruptum3
2374 3656 2681 3720 nunquam

420 3749 583 3811 enim
627 3749 800 3813 credi
845 3754 1053 3831 potest
1077 3749 1320 3824 Antias,
1366 3765 1522 3810 cum-
1549 3750 1923 3831 quingentos
1967 3767 2168 3815 annos
2216 3748 2376 3813 bella
2401 3748 2681 3827 Etrusca,

422 3858 679 3939 Gallica,
725 3858 1076 3936 Samnitica,
1123 3859 1356 3934 Latina,
1408 3860 1636 3922 Punica
1680 3861 1936 3940 primum
1981 3868 2044 3925 et
2098 3860 2457 3938 secundum,
2522 3860 2677 3922 mul-

416 3978 512 4033 tas
556 3977 882 4051 praeterea
923 3987 1028 4032 res
1079 3970 1368 4032 uberiore
1399 3970 1790 4051 expositione
1837 3969 2230 4053 dignissimas
2277 3969 2670 4033 continentes

640 4188 692 4255 1)
729 4184 807 4240 cf.
846 4184 1062 4239 Har-less.
1098 4185 1162 4238 de
1196 4185 1319 4240 Fab.
1359 4193 1410 4238 et
1443 4183 1612 4239 Anfld.
1654 4199 1707 4250 p.
1744 4182 1812 4238 2⁴
1846 4197 1960 4250 sqq.
