2967 4992
1214 266 1638 357 419—

300 470 447 554 περί
497 472 610 537 τὸν
639 463 967 547 Ῥωμύλον
1025 459 1233 548 ἀφανῆ
1277 460 1600 547 γενέσθαι,
1643 458 1791 534 τούς
1835 457 1903 522 δὲ
1947 461 2033 545 τῷ
2081 457 2312 548 Φαύνῳ
2367 486 2558 544 προς-

299 579 679 659 ευξαμένους
724 578 1056 659 ἐκδραμεῖν
1097 570 1372 655 γυμνοὺς
1433 572 1546 635 ε’πὶ
1586 568 1695 653 τὴν
1740 565 2015 652 ζήτησιν,
2061 564 2230 643 ὅπως
2273 565 2395 633 ὑπὸ
2441 570 2555 634 τοῦ

299 685 563 771 ἱδρῶτος
599 681 698 765 μὴ,
734 685 1112 764 ἐνοχλοῖιτο·
1159 684 1266 746 καί
1306 679 1415 745 διὰ
1452 683 1637 743 τοῦτο
1682 682 1960 761 γυμνοῦς
1986 677 2366 761 περιτρέχειν
2405 678 2557 756 τοὺς
2652 766 2655 769 ,

297 796 743 878 Λουπέρκους.
822 796 1152 872 Praeterea
1216 792 1534 859 Glabrioni
1592 792 1838 856 videtur
1883 790 2113 855 debere
2174 793 2557 874 Plutarchus,

298 922 462 987 quae
504 903 586 973 de
628 923 918 979 sermone
989 905 1097 968 illo
1139 904 1368 985 Ephesi
1428 906 1592 969 inter
1649 903 2051 967 Hannibalem
2105 911 2168 966 et
2210 903 2555 994 Scipionem

297 1023 441 1083 orto
506 1023 721 1083 narrat
775 1016 1029 1082 Flamin.
1090 1015 1195 1092 21,
1255 1013 1294 1078 3
1348 1031 1485 1096 sqq.
1547 1014 1751 1077 Livius
1809 1014 1968 1075 enim
2021 1013 2278 1094 XXXV,
2345 1014 2419 1081 14
2476 1033 2557 1079 ex

298 1126 590 1208 Claudio,
651 1129 757 1209 qui
812 1141 1084 1210 graecos
1142 1122 1464 1187 Acilianos
1527 1124 1723 1191 libros
1782 1125 1971 1187 latine
2027 1125 2210 1217 vertit
2267 1122 2374 1206 (cf.
2424 1125 2554 1191 Liv.

302 1236 499 1318 XXV,
522 1236 659 1320 39),
709 1237 933 1314 refert,
970 1232 1373 1297 Hannibalem·
1399 1252 1434 1298 a
1480 1233 1770 1312 Scipione
1804 1236 2249 1318 interrogatum
2276 1234 2556 1303 Alexan·

297 1346 473 1413 drum
506 1349 768 1429 primum
800 1346 1230 1426 imperatorem
1270 1343 1649 1422 declarasse,
1693 1343 2037 1408 secundum
2067 1346 2387 1429 Pyrrhum,
2427 1353 2559 1411 ter·

297 1458 452 1521 tium
493 1461 690 1520 semet
717 1457 933 1536 ipsum,
967 1455 1220 1534 primum
1253 1471 1406 1517 vero
1450 1471 1524 1516 se
1566 1453 1836 1517 futurum
1864 1455 2086 1532 fuisse,
2130 1459 2186 1521 si
2210 1457 2558 1540 Scipionem

297 1566 572 1633 vicisset.
661 1564 931 1633 Eandem
987 1563 1509 1629 narratiunculam
1565 1561 2121 1649 significat‘Pyrrb.
2160 1566 2241 1646 8,
2296 1569 2374 1648 2,
2432 1583 2558 1650 quo

297 1696 379 1742 ex
421 1678 562 1745 loco
609 1682 902 1758 apparet,
966 1674 1273 1755 Scipionis
1319 1688 1569 1755 qnoque
1615 1674 1775 1737 vitae
1818 1692 1950 1738 eam
1999 1677 2290 1743 insertam
2341 1678 2558 1753 fuisse.

299 1787 424 1853 Sed
468 1787 553 1853 ibi
596 1785 957 1853 Plutarchus
1002 1790 1108 1851 aut
1151 1785 1334 1847 alium
1377 1790 1627 1849 secutus
1686 1791 2002 1851 auctorem
2061 1795 2170 1851 aut
2222 1789 2556 1857 memoriae

304 1913 529 1965 errore
588 1895 883 1981 Pyrrhum
951 1899 1149 1975 primo
1204 1896 1391 1975 loco,
1457 1894 1806 1976 Scipionem
1841 1895 2181 1979 secundo,
2242 1914 2314 1961 se
2371 1897 2557 1965 tertio

304 2009 729 2073 nominantem
781 2005 929 2073 facit
980 2005 1406 2073 Hannibalem.
1492 2005 1784 2071 Fortasse
1841 2013 2043 2069 tamen
2098 2023 2225 2071 non
2286 2027 2365 2075 ex
2420 2008 2556 2105 ipso

302 2118 655 2187 Glabrionis
699 2133 891 2197 opere
936 2116 1049 2179 sed
1115 2131 1193 2180 ex
1240 2115 1414 2179 Livio
1456 2132 1572 2180 sua
1617 2116 1854 2195 bausit,
1910 2130 2095 2198 quem
2139 2118 2555 2225 compluriens

301 2232 367 2295 in
407 2229 726 2296 Flaminini
771 2230 895 2295 vita
938 2208 1170 2293 fontem
1215 2227 1482 2292 exhibet.

472 2339 768 2420 Sequitur
816 2345 884 2405 ut
927 2337 1201 2404 dicamus
1234 2337 1315 2403 de
1351 2337 1422 2400 L.
1457 2336 1807 2419 Calpurnio
1843 2337 2075 2402 Pisone
2106 2339 2328 2422 Fruyi,
2371 2358 2555 2422 quem

301 2451 496 2519 smol
525 2452 671 2523 &itui
691 2448 1057 2517 Plutarchus
1082 2447 1255 2513 Num.
1289 2450 1396 2526 21,
1421 2449 1499 2510 4:
1543 2448 1769 2511 τοῦτον
1798 2446 1916 2529 (sc.
1952 2445 2254 2532 Ιηάρκιον
2280 2442 2558 2535 Ἄγκον),

298 2554 386 2635 ὥς
442 2554 700 2639 λέγεται,
741 2556 1041 2639 πενταετῆ
1079 2545 1440 2619 καταλιπών
1482 2550 1517 2619 ὃ
1582 2559 1807 2637 Νομᾶς
1852 2558 2270 2642 ἐτελεύτησεν,
2331 2558 2406 2623 οὗ
2445 2584 2557 2626 τοι..

293 2670 474 2752 χείας
520 2667 661 2733 οὐδ’
701 2664 1021 2751 αἰφνιδίου
1066 2661 1396 2746 γενομένης
1437 2667 1611 2756 αὐτῷ
1663 2665 1777 2748 τῆς
1816 2672 2122 2752 τελευτῆς,
2181 2665 2346 2734 ἀλλὰ
2400 2667 2556 2734 κατὰ

300 2771 534 2864 μικρδν
575 2773 703 2842 {mo
769 2765 985 2860 γήρως
1049 2775 1158 2839 καί
1193 2776 1390 2841 νόσου
1442 2780 1731 2861 μαλακῆς
1788 2774 2407 2863 ἆπομαραινόμενος,
2470 2777 2557 2853 ὥς

302 2885 594 2970 ἱστόρηκε
637 2884 886 2950 Πίσων.
996 2889 1121 2955 Sed
1181 2892 1365 2953 etiam
1413 2890 1663 2956 nomine
1720 2906 1847 2952 non
1911 2887 2121 2955 addito
2178 2906 2368 2973 saepe
2422 2893 2555 2956 eius

301 2998 626 3063 annalibus
666 3013 818 3065 usus
859 3003 972 3062 est.

220 3092 227 3099 ’
481 3108 859 3179 Narraverat
893 3109 1056 3187 Piso,
1102 3108 1266 3173 unde
1310 3110 1484 3174 lacus
1510 3109 1755 3175 Curtius
1791 3107 1909 3173 boc
1954 3125 2179 3177 nomen
2215 3110 2559 3176 invenisset

299 3221 397 3287 sic
457 3223 620 3284 teste
661 3219 942 3287 Varrone
986 3219 1066 3282 de
1111 3219 1150 3284 1.
1198 3220 1236 3282 l.
1282 3220 1352 3299 V,
1399 3219 1558 3285 149:
1602 3216 1768 3285 ‘Piso
1826 3221 1894 3283 in
1934 3220 2302 3287 annualibus
2342 3222 2558 3291 scribit

303 3329 532 3399 Sabino
576 3331 784 3411 bello,
847 3330 1011 3412 quod
1058 3330 1176 3393 fuit
1215 3331 1474 3401 Romulo
1536 3337 1600 3394 et
1657 3308 1867 3408 Tatio,
1924 3330 2119 3397 virum
2163 3331 2553 3401 fortissimum

301 3441 551 3507 natium
607 3442 882 3507 Curtium
939 3441 1228 3507 Sabinum
1281 3474 1366 3488 -
1412 3440 1689 3505 Curtium
1746 3441 1807 3501 in
1870 3439 2066 3505 lacum
2086 3437 2137 3522 ¹)
2196 3442 2555 3525 palustrem,

300 3552 404 3633 qui
445 3558 575 3615 tum
605 3551 721 3616 fuit
748 3552 810 3615 in
844 3552 985 3615 foro
1014 3585 1095 3596 —
1125 3553 1470 3615 secessisse
1517 3557 1700 3632 atque
1728 3549 1803 3612 ad
1845 3565 1991 3614 suos
2035 3569 2107 3614 se
2127 3552 2322 3625 (coni.
2345 3551 2554 3617 Muel-

307 3658 441 3745 ler)
485 3662 550 3724 in
596 3662 960 3744 Capitolium
1005 3661 1358 3741 recepisse;
1425 3660 1500 3724 ab
1543 3679 1625 3723 eo
1670 3659 1871 3722 lacum
1930 3661 2245 3725 invenisse
2288 3661 2550 3729 nomen'.

299 3772 665 3837 Plutarchus
710 3772 872 3835 banc
915 3772 1177 3837 nominis
1208 3771 1675 3852 explicationem
1706 3771 1993 3850 praetulit
2024 3772 2353 3854 usitatiori,
2392 3791 2553 3856 quae

302 3887 399 3946 est
454 3881 617 3963 apud
661 3882 789 3945 Liv.
836 3881 966 3956 vn,
1011 3881 1075 3958 6,
1129 3882 1222 3945 sic
1289 3881 1506 3944 dicens
1551 3881 1735 3958 Rom.
1790 3882 1889 3958 18,
1928 3880 2000 3944 4:
2065 3881 2384 3963 Κούρτιος
2432 3883 2551 3968 γὰρ

311 3984 472 4072 ἀνὴρ
517 3987 847 4076 ἐπιφανής,
887 3988 1038 4076 δόξῃ
1083 3989 1191 4052 καί
1226 3987 1582 4073 φρονὴματι
1623 3990 1857 4073 γαῦρος
1882 4035 1900 4067 ,
1960 3989 2150 4052 ἵππον
2193 3988 2354 4072 ἔχων
2390 3991 2554 4055 πολὺ

512 4227 565 4292 1)
594 4226 825 4294 ‘Lacum',
862 4244 966 4283 non
998 4227 1215 4294 ‘locum',
1250 4247 1360 4284 cum
1397 4231 1547 4284 codd.
1585 4202 1850 4299 legendum
1890 4241 1982 4284 est.
