2967 4992
1392 317 1777 381 ...4.-

454 494 788 573 plerosque
840 494 1018 556 locos
1079 510 1110 553 a
1160 492 1485 555 Plutarcho
1549 510 1628 552 ex
1700 489 1848 552 luba
1913 488 2135 551 allatos
2199 486 2497 550 eiusmodi
2554 504 2722 564 esse,

454 605 633 687 quasi
678 623 756 666 ex
802 604 962 666 libro
1012 602 1158 684 περὶ
1211 602 1427 663 αἰτίων
1493 606 1707 664 essent
1770 601 2090 680 desumpti.
2181 598 2329 662 Ideo
2372 598 2465 660 sic
2509 596 2721 661 Iubam

452 715 772 778 historiam
832 716 1262 795 composuisse
1323 712 1760 789 crediderunt,
1829 717 1896 773 ut
1951 709 2134 775 simul
2192 710 2595 790 quaestiones
2641 708 2723 770 de

456 823 803 908 originibus
850 827 1273 888 institutorum
1321 831 1384 886 et
1414 825 1728 886 nominum
1759 823 2176 885 Romanorum
2219 821 2550 884 insereret.
2595 818 2720 882 Sed

458 941 627 998 esset
666 935 949 1014 profecto
993 935 1156 1017 quod
1189 935 1575 1010 miraremur,
1625 934 2015 996 Plutarchum
2048 933 2111 994 in
2152 933 2291 995 vitis
2336 948 2573 1008 eorum,
2614 930 2718 1011 qui

457 1054 600 1110 ante
647 1047 870 1110 bellum
913 1048 1210 1110 Punicum
1257 1046 1604 1108 secundum
1652 1048 1890 1122 vixere,
1933 1060 2244 1125 nunquam
2293 1043 2502 1107 Iubam
2545 1059 2720 1106 com-

459 1176 877 1237 memorasse,
933 1160 1056 1222 nisi
1126 1159 1230 1219 ubi
1278 1158 1356 1220 de
1403 1158 1609 1221 causis
1656 1155 2041 1233 dissereret,
2102 1172 2217 1218 cur
2273 1154 2430 1217 haec
2476 1155 2573 1217 vel
2616 1152 2719 1216 illa

455 1287 563 1332 res
608 1288 835 1334 nomen
881 1288 1055 1334 suum
1115 1272 1476 1351 accepisset.
1570 1270 1886 1349 Propriam
1944 1269 2104 1331 enim
2161 1267 2481 1329 historiam
2524 1266 2718 1328 tribus

453 1386 689 1446 tantum
733 1383 892 1446 locis
937 1383 1357 1465 agnoscimuS‚
1404 1382 1684 1459 Compar.
1732 1381 1937 1460 Pelop.
1982 1399 2033 1440 c.
2078 1379 2268 1442 Marc.
2318 1378 2377 1457 1,
2420 1377 2567 1442 suti.
2617 1374 2719 1450 16,

457 1491 692 1557 Sertor.
739 1496 794 1555 4.
2093 1488 2094 1491 ’

629 1604 781 1665 Cum
822 1609 1024 1664 autem
1072 1605 1206 1683 ipse
1253 1601 1616 1665 Plutarchus
1661 1616 1963 1680 nusquam
2009 1616 2235 1661 nomen
2281 1598 2490 1676 operis
2538 1596 2723 1658 Iubae

454 1714 711 1795 prodat,
770 1730 892 1793 quo
952 1730 1105 1775 usus
1158 1717 1275 1789 sit,
1345 1730 1576 1790 operae
1622 1711 1886 1791 pretium
1943 1692 2032 1772 sit
2070 1704 2417 1789 inquireres,
2482 1707 2649 1770 unde
2686 1725 2720 1769 a

457 1825 601 1887 Iuba
649 1823 970 1886 historiam
1014 1810 1377 1901 Romanam,
1441 1824 1600 1902 quae
1647 1820 2068 1901 antiquissima
2115 1822 2394 1900 tempora
2440 1818 2721 1899 comple-

460 1939 761 2011 cteretur,
807 1933 1100 2014 scriptam
1147 1950 1288 1994 esse
1340 1931 1750 1995 iudicaverint
1794 1932 1911 1994 viri
1956 1931 2143 1995 docti.

628 2044 977 2124 Stephanus
1036 2042 1368 2125 Byzantius
1437 2044 1707 2124 quinque
1763 2042 1949 2105 Iubae
2014 2044 2358 2126 fragmenta
2405 2042 2716 2120 servavit,

462 2156 587 2220 duo
629 2175 709 2218 ex
732 2150 1095 2232 ’Ῥωμαϊκῆς
1139 2149 1423 2234 ἱστορίας
1463 2154 1626 2216 libro
1658 2154 1685 2216 l
1716 2151 1793 2235 (s,
1825 2173 1920 2218 vv.
1951 2148 2331 2233 Ἀβοριγῖνες
2360 2160 2424 2216 et
2451 2146 2718 2234 Ὠστία),

454 2280 643 2328 unum
711 2282 791 2327 ex
835 2257 1193 2343 Ῥωμαϊκῆς
1262 2257 1710 2343 ἀρχαιολογίας
1781 2263 1942 2329 libro
1997 2264 2049 2327 11
2104 2261 2181 2345 (S.
2246 2284 2300 2327 v.
2363 2260 2718 2344 Νομαντία)

455 2394 645 2440 unum
693 2393 773 2437 ex
819 2374 1037 2455 scripti
1085 2373 1426 2450 cuiusdam,
1472 2374 1655 2435 cuius
1710 2392 1933 2437 nomen
1980 2376 2278 2436 omissum
2326 2382 2446 2451 est,
2492 2374 2651 2438 libro
2694 2375 2721 2437 Ι

457 2487 535 2570 (s.
566 2507 623 2548 v,
651 2482 1010 2565 Λαβίνιον),
1051 2502 1235 2546 unum
1281 2502 1358 2545 ex
1401 2484 1637 2565 scripto
1686 2503 1809 2548 non
1845 2486 2158 2549 nominato
2198 2487 2278 2561 (s,
2310 2505 2367 2546 v.
2393 2475 2719 2565 Ἇρθάκη).

457 2595 691 2675 Quodsi
744 2594 1007 2657 eundem
1053 2595 1272 2658 librum
1320 2594 1657 2676 significari
1702 2597 2024 2659 statuimus
2070 2597 2326 2660 vocibus
2366 2588 2613 2677 ἱστορία
2660 2599 2722 2655 et

452 2698 865 2786 ἆρχαιολογία
896 2751 914 2782 ,
984 2705 1150 2784 quod
1211 2706 1344 2768 fieri
1391 2712 1630 2784 potest,
1691 2724 1828 2768 cum
1875 2708 2005 2786 ipse
2051 2707 2395 2786 Stephanus
2439 2704 2719 2789 Dionysii

462 2815 594 2879 Hal.
640 2816 1169 2897 archaeologiam,
1217 2833 1394 2895 quam
1441 2816 1804 2897 plerumque
1860 2818 1980 2881 hoc
2024 2818 2273 2879 nomine
2317 2823 2522 2894 vocat,
2565 2834 2617 2879 a.
2659 2835 2711 2876 v.

454 2922 812 2986 Λαούντιον
858 2926 1179 2989 historiam
1223 2928 1497 2988 nominet
1508 2946 1531 3007 3
1592 2933 1654 2988 et
1702 2929 1755 2989 si
1812 2934 2137 3009 praeterea
2196 2944 2416 2990 omues
2457 2928 2632 2991 locos
2677 2943 2713 2988 a

452 3035 778 3099 Plutarcho
840 3040 1064 3100 citatos
1122 3058 1201 3100 ex
1246 3038 1366 3100 hoc
1414 3039 1667 3103 haustos
1730 3056 1871 3101 esse
1917 3044 2193 3120 putamus
2224 3085 2242 3116 ‚
2297 3041 2405 3102 vix
2472 3037 2718 3100 intelle-

452 3146 674 3226 gimuS‚
720 3149 1032 3227 quomodo
1080 3148 1262 3211 huius
1311 3150 1557 3230 operiS‚
1621 3151 1726 3212 ubi
1772 3156 1889 3211 tam
1939 3150 2079 3211 fuse
2127 3149 2206 3211 de
2252 3148 2715 3230 antiquitatibus

454 3272 607 3335 quas
669 3257 929 3320 dicimus
989 3277 1198 3322 sermo
1260 3266 1432 3334 erat,
1499 3261 1656 3322 libro
1720 3261 2001 3323 secundo
2063 3261 2430 3324 Numantiae
2485 3259 2716 3321 mentio

451 3366 586 3431 lieri
630 3370 921 3450 potuerit.
1011 3369 1160 3433 Nam
1207 3377 1350 3431 ante
1394 3370 1540 3434 belli
1586 3373 1792 3434 Punici
1841 3373 2101 3435 secundi
2150 3378 2425 3450 tempora
2458 3370 2717 3434 Romani

451 3478 589 3540 sine
630 3479 818 3557 dubio
866 3498 990 3544 non
1035 3487 1347 3544 noverunt
1389 3481 1550 3544 hanc
1591 3484 1805 3546 urbem
1827 3481 1913 3564 ί),
1981 3501 2100 3545 nec
2147 3481 2335 3543 multo
2381 3467 2536 3542 ante
2563 3486 2718 3541 sane

455 3587 1018 3673 Carthaginienses
1063 3628 1145 3638 —-
1190 3590 1251 3656 Si
1301 3609 1453 3655 vero
1501 3591 1782 3657 diversos
1823 3593 2018 3656 libros
2065 3592 2400 3654 historicos
2433 3596 2576 3653 esse
2614 3592 2719 3652 ar-

455 3698 876 3782 chaeologiam
919 3708 985 3764 et
1022 3702 1342 3766 historiam
1383 3704 1693 3784 ponimus,
1739 3722 1821 3766 ex
1851 3722 2115 3785 quorum
2146 3703 2349 3766 altero
2397 3702 2718 3782 desumpta

453 3810 578 3875 sint
623 3809 967 3893 fragmenta
1013 3831 1173 3893 quae
1220 3812 1382 3895 apud
1428 3812 1800 3896 Stephanum
1870 3821 2085 3877 extant
2143 3831 2192 3876 s.
2237 3834 2335 3878 vv.
2385 3810 2718 3890 Νομαντία

667 4067 726 4131 1)
772 4066 992 4122 Primum
1013 4071 1150 4139 quod
1187 4073 1342 4125 sciam
1360 4072 1622 4126 Numantia
1643 4083 2065 4126 commemoratur
2092 4088 2157 4125 ex
2179 4060 2447 4137 a.101.1x3
2484 4087 2550 4124 eo
2586 4073 2721 4125 enim

451 4169 683 4229 tempore
721 4161 903 4215 Gellius
937 4164 1066 4229 XVI,
1106 4165 1152 4233 1,
1189 4167 1223 4218 3
1259 4166 1485 4221 declarat
1520 4169 1804 4222 orationem
1832 4167 2038 4222 Catonis
2070 4167 2363 4222 Numantiae
2395 4169 2527 4237 apud
2564 4168 2716 4237 oqui-

452 4262 529 4307 tes
564 4255 782 4309 habitam
818 4271 948 4310 esse.
