2967 4992
1237 288 1617 352 ...5-

291 470 355 527 et
392 455 676 539 Ἀρβῶκη
742 466 805 523 et
863 460 1019 541 apud
1067 460 1453 524 Plutarchum
1522 461 1801 540 Compar.
1849 455 1974 523 Pel.
2021 479 2075 522 c.
2121 461 2334 539 Maro„
2378 460 2550 539 Suli„

292 574 525 637 sertor.
570 572 633 635 ΙΙ.
663 589 713 634 s.
759 587 870 648 ss.⁹
897 587 1000 634 ex
1034 571 1238 634 altero
1285 571 1530 652 reliqua
1578 570 1949 652 fragmenta,
1995 588 2157 651 quae
2202 570 2363 651 apud
2412 571 2554 635 Piu-

218 746 223 751 .
289 684 567 747 tan-chum
632 691 701 744 et
761 683 824 744 in
882 683 1021 746 vitis
1079 686 1139 743 et
1180 683 1242 743 in
1306 681 1778 762 quaestionibus
1823 680 2115 744 Romanis
2163 689 2345 764 atque
2391 683 2548 763 apud

292 794 671 876 Stephanum
719 793 1071 876 Byzantium
1125 792 1562 873 reperiuntur,
1622 795 1881 873 primum
1939 811 2065 856 non
2125 795 2551 876 perspicimus,

287 924 403 970 cur
448 905 617 983 Iuba,
665 907 719 968 si
765 904 1007 985 quidem
1054 904 1367 966 historiam
1414 912 1478 965 et
1524 904 2026 986 archaeologiam
2087 908 2250 969 inter
2310 923 2382 967 se
2422 903 2551 970 dif-

286 1019 460 1081 t’erre
505 1017 735 1090 voluit,
804 1015 1281 1098 archaeologiae
1324 1033 1484 1078 voce
1530 1034 1633 1078 res
1677 1015 1984 1078 Romanas
2031 1017 2414 1097 posteriores
2455 1017 2551 1079 si-

283 1128 695 1211 gnificaverit,
739 1130 985 1209 priores
1031 1127 1330 1190 historiae
1379 1142 1554 1190 voce.
1648 1128 1981 1189 Praeterea
2028 1126 2195 1203 inde,
2243 1127 2408 1206 quod
2452 1128 2550 1190 his

284 1239 510 1302 librum
572 1241 825 1319 primum
899 1239 1115 1317 scripti
1184 1255 1307 1301 non
1382 1239 1675 1300 nominati
1736 1237 1984 1314 laudat,>
2033 1237 2226 1317 ”sequi
2287 1237 2551 1315 videtur,

284 1368 469 1413 unum
517 1356 751 1411 tantum
800 1364 960 1429 opus
1007 1348 1194 1411 lubae
1239 1350 1298 1411 ei
1346 1355 1560 1410 notum
1605 1346 1819 1410 fuisse.

488 1460 1059 1541 circumspiciamus
1105 1460 1300 1540 igitur
1345 1464 1621 1539 oportet,
1669 1458 1981 1538 quomodo
2015 1458 2123 1519 has
2162 1457 2552 1520 difficultates

288 1571 702 1651 expediamus.
795 1571 1001 1651 Atque
1046 1571 1246 1651 primo
1294 1570 1543 1652 quidem
1589 1576 1844 1648 aspectu
1897 1568 2245 1631 facillimum
2289 1566 2552 1646 videtur,

286 1687 521 1745 mutare
564 1698 883 1744 numerum
929 1681 1091 1758 libri,
1138 1700 1217 1743 ex
1249 1699 1369 1761 quo
1418 1680 1496 1743 de
1541 1681 1863 1744 Numantia
1905 1679 2201 1757 refertur,
2246 1680 2306 1740 ni
2356 1680 2551 1760 ipsum

288 1792 775 1874 &agmentorum
839 1809 1042 1874 genus
1103 1793 1284 1855 aliam
1329 1793 1484 1853 viam
1531 1792 1838 1854 suaderet.
1912 1790 2062 1852 Nam
2108 1789 2224 1852 tria
2271 1789 2376 1853 illa
2426 1789 2555 1853 fra-

284 1910 554 1986 gmenta,
593 1919 754 1983 quae
800 1902 1123 1967 historiam
1164 1904 1735 1984 antiquissimorum
1795 1910 2135 1983 temporum
2194 1918 2309 1964 nos
2355 1902 2546 1964 intel-

287 2014 826 2098 legere-cogunt,
867 2031 1007 2077 meo
1052 2015 1300 2096 quidem
1346 2014 1578 2077 indicio
1627 2015 1815 2079 lubae
1875 2030 2017 2076 esse
2082 2031 2208 2076 non
2270 2021 2552 2094 possunt.

285 2125 438 2191 Nam
493 2124 663 2207 quod
716 2125 796 2189 de
839 2125 1187 2208 fragmento
1253 2143 1300 2188 s,
1348 2145 1403 2187 v.
1439 2119 1823 2205 Ἀβοριγῖνες
1882 2125 2000 2186 iam
2058 2124 2352 2204 suspicati
2407 2129 2554 2186 sunt

289 2237 360 2299 G.
404 2236 670 2301 Mueller
714 2235 931 2321 fragm.
973 2236 1187 2302 histor.
1230 2255 1323 2319 gr.
1371 2237 1452 2300 111
1499 2254 1550 2314 p.
1595 2234 1724 2299 469
1785 2241 1849 2296 et
1894 2235 2182 2299 Mainake
2222 2235 2298 2297 ad
2341 2232 2548 2314 Steph.

286 2345 432 2430 Byz.
479 2366 537 2430 p.
588 2348 673 2426 7.,-
727 2348 913 2411 verba
974 2366 1117 2411 esse
1169 2347 1450 2428 Dionysii
1510 2347 1752 2425 Halia,
1807 2351 2364 2424 commutatumque
2410 2362 2552 2408 esse

286 2460 498 2522 iubam
542 2475 683 2521 oum
731 2458 1032 2541 Dionysio
1060 2506 1078 2536 ‚
1125 2461 1387 2522 maxime
1429 2458 1829 2522 confirmatur
1874 2457 2223 2539 fragmento
2270 2457 2452 2518 tertio
2498 2473 2548 2517 s.

288 2591 344 2634 v.
380 2563 614 2633 Ὠστία.
1936 2549 1939 2551 Δ

585 2680 868 2762 Stephan.
909 2680 1056 2764 Byz.
1783 2680 2045 2762 Dionysi.
2096 2682 2141 2757 1,
2183 2682 2241 2744 9.

280 2789 509 2855 Ὠστία
549 2789 735 2865 πόλις
772 2785 1066 2866 Ἰταλίας.
1150 2785 1358 2874 Ἰόβας

290 2905 358 2965 ἐν
385 2899 619 2982 πρώτῳ
640 2896 998 2980 Ῥωμαϊκῆς
1043 2900 1332 2980 ἱστορίας
1351 2916 1366 2932 ·

290 3005 416 3074 ἆπὸ
472 3010 594 3090 μὲν
646 3008 772 3070 τῶν
831 3007 1096 3091 βορείων
1158 3009 1368 3087 μερῶν
1471 3009 1591 3072 ἀπὸ
1662 3013 1781 3089 μὲν
1837 3011 1960 3069 τῶν
2000 3008 2265 3088 βορείων
2330 3012 2544 3090 μερῶν

288 3118 327 3185 ὃ
386 3119 652 3199 Tempu„
687 3111 916 3180 Ὠστιά
962 3113 1147 3190 πόλις
1201 3119 1367 3195 πλη-
1472 3112 1504 3178 ὃ
1538 3117 1813 3200 Τέβερις,
1840 3114 2098 3189 'floriac
2123 3116 2360 3193 πόλεως
2389 3127 2549 3202 πλη-

289 3227 450 3297 σίον.
1470 3229 1630 3292 σιὀν.

464 3341 835 3406 Genetivum
876 3333 1136 3416 Ὠστίας
1173 3338 1415 3413 πόλεως
1453 3342 1621 3422 aqud
1651 3342 2018 3422 Stephanum
2063 3361 2318 3424 quoque
2363 3346 2555 3408 fuisse

282 3471 441 3521 vero
487 3461 587 3518 est
626 3453 824 3517 simile
838 3473 858 3530 3
898 3452 1139 3533 optimi.
1173 3453 1333 3516 enim
1377 3453 1528 3530 duo<
1557 3454 1814 3516 codices
1857 3447 2104 3526 Ὠστιὰς
2143 3450 2327 3527 πόλις
2366 3474 2550 3538 prae-

283 3567 463 3643 bent,
501 3565 682 3629 unde.
709 3566 826 3628 iam
850 3563 1162 3644 Meineke,
1209 3583 1576 3647 quamquam
1617 3583 1746 3627 non
1788 3565 1962 3628 novit
2000 3564 2277 3646 Dionysii
2324 3568 2549 3648 meum,

283 3676 643 3761 genetivum
687 3675 916 3742 elicuit.
1005 3676 1270 3758 Appono
1318 3676 1557 3758 reliqua
1604 3677 1726 3740 duo
1771 3654 2149 3758 fragmenta:

585 3785 881 3867 Stephan.
925 3785 1069 3868 Byz.
1376 3812 1383 3820 ·
1787 3786 2045 3869 Dionys.
2090 3788 2137 3865 1,
2185 3789 2243 3855 9.

283 3895 687 3979 Ἀβοριγῖνες,
719 3889 903 3971 ἔθνος
921 3891 1249 3977 Ἰταλικόν,
1281 3890 1366 3971 ὥς

280 3999 484 4092 Ἰόβας
549 4003 616 4067 ἐν
658 3998 1014 4087 Ῥωμαῖκῆς
1083 4003 1366 4090 ἱστορίας

286 4115 512 4202 πρώτῳ
539 4132 552 4145 ·
621 4117 811 4197 μέχρι
875 4114 994 4196 μὲν
1074 4104 1184 4179 οὖν
1252 4120 1364 4179 τοῦ
2044 4123 2236 4201 μέχρι
2275 4118 2392 4199 μὲν
2432 4123 2546 4180 τοῦ

296 4224 581 4308 Τρωικοῦ
619 4229 904 4306 πολέμου
942 4227 1057 4306 τὴν
1098 4224 1364 4310 ἀρχαίαν
1438 4274 1445 4279 -
1482 4208 1769 4310 Τρωικοῦ
1810 4228 2093 4309 πολέμου
2133 4217 2247 4292 τὶν
2281 4224 2546 4308 ἀρχαίαν
