2967 4992
463 1234 928 1325 Plutarchum
972 1259 1225 1317 constat
1250 1270 1401 1316 sero
1449 1253 1691 1316 demum
1721 1251 1982 1336 linguae
2010 1251 2243 1315 latinae
2273 1268 2523 1333 operam

260 1367 552 1444 (lodium
606 1367 742 1448 ipse
800 1365 965 1428 enim
1017 1364 1139 1426 hoc
1190 1363 1514 1444 profitetur
1557 1363 1667 1425 vit.
1776 1361 2085 1425 Demosth.
2133 1380 2187 1430 c.
2244 1362 2309 1428 2.
2399 1363 2524 1428 Ubi

263 1495 400 1541 cum
463 1477 686 1555 addat,
751 1481 996 1559 gratum
1041 1474 1288 1554 quidem
1347 1490 1418 1536 se
1464 1473 1842 1550 existimare,
1886 1473 1941 1535 si
1986 1473 2120 1554 quis
2164 1475 2227 1536 iu
2279 1472 2531 1559 liuguae

265 1587 499 1653 latinae
530 1588 862 1653 virtutibus
894 1584 1305 1649 observandis
1333 1590 1645 1663 versetur,
1688 1583 1802 1646 sed
1831 1584 2282 1648 accuratiorem
2319 1585 2529 1648 talium

269 1716 487 1763 curam
545 1714 672 1765 nou
728 1714 875 1761 esse
932 1694 1174 1758 facilem
1226 1695 1442 1774 eisque
1478 1693 1604 1756 hoc
1659 1696 1979 1777 negotium
2028 1711 2099 1758 se
2150 1695 2530 1777 relinquere,

266 1808 485 1890 quibus
531 1808 669 1890 plus
714 1807 824 1869 otii
850 1812 917 1868 et
948 1805 1165 1868 melior
1208 1811 1382 1868 aetas
1417 1810 1724 1886 suppetat,
1770 1802 2133 1888 Schwegler
2179 1806 2318 1876 hist.
2354 1806 2525 1872 Rom.

257 1920 283 1982 1
328 1936 385 1999 p.
445 1916 571 1981 120
611 1917 949 1996 concludit,
992 1917 1248 1979 omnino
1311 1915 1477 1979 illum
1524 1932 1737 1995 parum
1782 1917 2038 1980 novisse
2106 1917 2380 2000 linguam
2424 1917 2527 1981 la-

265 2031 452 2093 tinam
497 2028 769 2110 ideoque
827 2028 1084 2110 plurima
1144 2045 1256 2090 sua
1302 2045 1339 2090 a
1399 2026 1658 2089 Graecis
1697 2027 2025 2106 repetisse.
2127 2027 2314 2101 Quod
2356 2027 2528 2091 iudi-
2620 2034 2627 2053 ‘

273 2140 434 2204 cium
493 2157 720 2203 vereor
787 2157 869 2203 ne
932 2139 1111 2202 nimis
1171 2144 1402 2202 temere
1458 2138 1545 2200 sit
1606 2137 1846 2203 factum.
1974 2138 2127 2202 Nam
2194 2138 2528 2203 observato

268 2268 514 2315 conexu
573 2254 1023 2315 sententiarum
1067 2248 1424 2314 Plutarchus
1468 2249 1509 2313 1.
1554 2266 1604 2312 ε.
1648 2265 1694 2314 s.
1764 2249 2127 2330 simpliciter
2188 2247 2339 2313 dicit
2400 2268 2527 2314 non

266 2365 347 2425 ita
405 2379 479 2427 se
521 2362 778 2445 linguae
844 2362 1069 2424 latinae
1124 2378 1388 2443 gnarum
1447 2376 1635 2437 esse,
1699 2366 1766 2422 ut
1819 2359 2143 2423 Ciceronis
2188 2368 2251 2423 et
2294 2360 2529 2426 Demo-

269 2472 506 2536 sthenis
570 2473 836 2537 virtutes
903 2472 1211 2536 oratorias
1279 2487 1641 2551 comparare
1700 2479 1986 2536 conetur.
2088 2470 2273 2534 Aliud
2332 2479 2530 2535 autem

267 2590 364 2645 est
405 2585 501 2646 sic
562 2583 833 2667 linguam
878 2582 1158 2660 novisse,
1199 2587 1268 2643 ut
1308 2581 1455 2663 quid
1502 2582 1773 2664 scriptor
1815 2582 2041 2662 aliquis
2083 2582 2201 2645 sibi
2246 2583 2395 2646 velit
2434 2584 2532 2645 iu-

266 2693 660 2777 tellegamus,
704 2692 876 2758 aliud
918 2695 1034 2772 sic,
1080 2700 1148 2756 ut
1190 2693 1271 2755 de
1316 2693 1589 2756 dictione
1635 2700 1697 2755 et
1741 2693 1820 2755 de
1864 2692 2192 2757 virtutibus
2236 2694 2532 2758 oratoriis

267 2812 505 2869 certum
553 2805 845 2873 iudicium
889 2805 1236 2868 habeamus.
1331 2804 1604 2878 Quorum
1670 2803 1791 2866 hoc
1847 2803 2173 2868 Plutarcho
2232 2805 2531 2869 debemus

268 2915 665 2993 abiudicare‚
727 2921 798 2976 ut
840 2916 971 2992 ipse
1018 2915 1165 2975 fecit
1206 2914 1244 2976 l.
1286 2931 1339 2974 s.
1386 2931 1419 2976 ε
1482 2921 1545 2974 et
1588 2913 1712 2977 Cat.
1761 2916 1896 2979 mai.
1928 2915 1992 2991 7,
2022 2914 2086 2992 2,
2133 2912 2285 2977 illud
2327 2915 2531 2978 tribu-

275 3040 403 3086 ere.
490 3023 641 3086 Nam
684 3024 834 3085 satis
877 3040 1067 3101 saepe
1127 3028 1190 3082 et
1245 3022 1378 3099 ipse
1423 3021 1628 3084 fontes
1674 3022 1987 3085 Romanos
2047 3039 2120 3085 se
2176 3023 2533 3087 adhibuisse

273 3131 602 3216 profitetur
645 3139 708 3195 et
768 3135 1145 3213 comparatis
1202 3130 1566 3194 auctoribus
1626 3130 1918 3194 Romanis
1974 3131 2190 3219 horum
2236 3135 2533 3214 operibus

283 3260 425 3307 eum
469 3260 650 3306 usum
696 3261 842 3307 esse
885 3249 1155 3324 apparet.

475 3354 595 3421 sed
656 3374 779 3420 non
822 3356 1040 3419 leviter
1082 3355 1183 3417 illa
1233 3355 1312 3417 de
1371 3355 1673 3438 neglectis
1720 3355 1990 3421 fontibus
2041 3357 2330 3425 Romanis
2393 3360 2533 3440 opi-

270 3467 378 3533 nio
424 3466 813 3544 firmaretur,
881 3468 937 3529 si
983 3466 1100 3544 ita,
1141 3473 1207 3528 ut
1250 3465 1435 3549 volgo
1477 3467 1832 3546 perhibetur
1854 3465 1924 3549 ¹),
1985 3468 2375 3532 Plutarchum
2420 3469 2536 3533 Iu·-

277 3578 422 3645 bom
472 3583 788 3642 auctorem
850 3584 1133 3641 secutum
1197 3593 1341 3641 esse
1405 3578 1655 3659 probari
1700 3585 1928 3661 posset.
2019 3580 2224 3654 Quare
2280 3578 2335 3641 si
2373 3578 2536 3643 hauc

273 3689 704 3770 quaestionem
748 3706 1114 3771 suscepero,
1160 3705 1287 3752 nou
1330 3706 1485 3752 sane
1525 3706 1682 3769 quae
1741 3687 2078 3752 abhorrent
2133 3706 2166 3751 a
2213 3691 2533 3770 proposito

273 3799 572 3865 tractabo.

437 3909 1021 3974 Animadverterunt
1063 3916 1265 3973 autem
1310 3910 1429 3973 iam
1462 3910 1708 3973 Heeren
1755 3917 1817 3970 et
1850 3909 2209 3992 Schwegler
2255 3909 2314 3973 ll.
2345 3928 2395 3971 s.
2423 3928 2531 3991 ss,

390 4204 427 4210 --
488 4166 543 4234 ¹)
578 4168 657 4221 cf.
696 4169 912 4223 Remu.
952 4170 1017 4221 (le
1054 4171 1202 4221 ioutt.
1241 4168 1372 4222 Plut.
1413 4183 1463 4233 p.
1489 4168 1605 4222 110.
1686 4164 1997 4232 Schwegler.
2035 4164 2079 4216 h
2108 4164 2164 4217 R.
2202 4165 2237 4214 l.
2274 4162 2441 4229 p.12o
2459 4178 2534 4230 sq.

265 4257 529 4327 Kios-ling.
565 4261 629 4313 de
661 4263 870 4329 Dionys.
906 4262 1067 4317 Helie.
1105 4271 1263 4315 auctt.
1304 4262 1388 4316 lat.
1423 4276 1480 4327 p.
1522 4263 1571 4314 7.
