2967 4992
1363 318 1791 387 ,ῃ-

440 493 643 574 diurn,
685 508 870 576 quem
925 491 1150 556 Cicero
1196 491 1259 556 ΙΙ.
1304 507 1355 556 s.
1396 507 1480 554 ss.
1535 496 2014 568 commemorat,
2055 489 2520 573 grammatica-a
2564 491 2711 555 sci-

440 621 572 668 mus
627 601 828 668 fuisse
885 601 995 676 (cf.
1056 601 1304 667 Sueton.
1366 620 1622 686 gramm.
1682 598 1725 660 2
1786 590 1910 682 sq.)
1967 606 2031 663 et
2090 599 2308 662 Plauto
2364 599 2716 681 praecipue

440 731 692 794 operam
738 729 1030 791 navasse,
1075 713 1223 776 nibil
1262 720 1465 777 autem
1513 712 1590 774 de
1634 713 1795 776 libro
1837 710 2137 775 historico
2198 711 2274 774 ab
2320 726 2398 773 eo
2437 722 2706 793 compo-

437 826 560 890 sito
603 825 1027 906 comperimus.
1117 823 1432 888 Audacius
1494 829 1698 887 autern
1758 823 2000 886 videtur
2020 867 2040 899 ,
2101 820 2246 884 inde
2268 868 2288 899 ,
2351 819 2525 901 quod
2568 827 2703 883 tun

438 935 733 1016 temporis
788 934 1007 999 Cicero
1063 935 1124 997 in
1187 935 1498 1001 historicis
1559 935 1784 998 studiis
1845 933 2211 997 versabatur
2263 937 2325 995 et
2368 930 2536 1012 quod
2581 930 2703 993 sihi

435 1047 613 1111 libris
653 1045 905 1128 graccis
960 1052 1024 1109 et
1064 1046 1269 1109 latinis
1313 1064 1347 1109 a
1379 1043 1635 1110 Claudio
1680 1045 1914 1109 relictis
1962 1043 2502 1108 vehementissime
2541 1054 2706 1122 opus

438 1170 580 1218 esse
658 1151 809 1216 dicit
839 1199 858 1231 ,
934 1152 1280 1236 colligere,
1348 1152 1530 1217 huius
1603 1152 1843 1216 Claudii
1900 1148 2156 1232 ἔλεγχον
2218 1148 2470 1232 χρόνων
2537 1166 2702 1215 esse.

438 1264 590 1329 Nam
632 1263 896 1347 primum
954 1281 1080 1327 non
1126 1263 1357 1328 indicat
1398 1264 1624 1327 Cicero
1672 1262 1748 1327 ad
1798 1263 1921 1326 Att.
1969 1263 2039 1341 1,
2083 1261 2194 1340 203
2237 1263 2300 1340 7,
2337 1264 2490 1343 quot
2532 1278 2697 1342 ope-

437 1391 574 1438 rum
625 1391 663 1437 a
704 1370 960 1437 Claudio
1003 1373 1359 1436 relictorum
1420 1373 1558 1455 ipse
1600 1370 1888 1436 Claudius
1934 1378 2153 1435 auctor
2199 1371 2406 1435 fucrit.
2494 1372 2705 1435 Acce-

434 1484 527 1550 dit
582 1482 751 1566 quod
811 1481 982 1546 nullo
1043 1484 1237 1547 verbo
1294 1482 1517 1545 Cicero
1580 1479 1827 1561 prodit,
1884 1482 1963 1545 ad
2021 1482 2322 1547 historica
2378 1481 2586 1546 studia
2627 1499 2704 1545 se

433 1593 679 1661 Claudii
731 1592 927 1656 libros
986 1591 1371 1655 desiderare.
1476 1590 1758 1671 Denique
1825 1592 1906 1655 de
1958 1592 2127 1656 nullo
2173 1592 2297 1656 alio
2343 1609 2536 1674 opere
2580 1593 2689 1656 hi-

431 1705 667 1771 storico
711 1703 979 1784 loquitur
1024 1701 1270 1781 Cicero,
1315 1721 1494 1785 quam
1542 1701 1621 1763 de
1662 1703 2021 1767 consulatus
2066 1703 2164 1766 sui
2211 1703 2468 1767 historia
2511 1703 2690 1779 (ibid.

437 1815 566 1903 19„
618 1811 763 1895 10),
817 1810 896 1875 ad
954 1828 1132 1894 quam
1188 1811 1621 1891 perficiendam
1696 1830 1848 1877 sanc
1902 1829 2030 1877 non
2098 1814 2328 1896 egebat
2369 1813 2692 1879 Claudiani

431 1925 611 2004 libri,
675 1926 739 1988 iu
799 1940 926 2004 quo
983 1920 1061 1985 de
1113 1921 1234 1984 fide
1295 1922 1597 1985 historiae
1653 1924 1941 2004 antiquae
1999 1926 2346 2004 expositum
2405 1931 2560 1991 erat.
2602 1959 2687 1971 —

431 2036 563 2102 Hac
605 2035 798 2119 igitur
841 2032 1200 2097 coniectura
1245 2032 1465 2096 relicta
1516 2033 1592 2095 ad
1638 2041 1883 2096 ceteras
1929 2051 2279 2118 pergamus.
2381 2034 2508 2098 Sed
2544 2033 2694 2097 Nie-

430 2146 636 2215 bubrii
677 2143 979 2208 rationem
1025 2158 1148 2204 nou
1194 2141 1577 2222 habebimus,
1619 2144 1761 2225 quia
1807 2145 1862 2207 is
1905 2162 2017 2223 pro
2065 2141 2316 2226 ἔλεγχος
2359 2146 2513 2229 legit
2541 2143 2693 2208 ἅνα-

426 2251 662 2340 γραφή,
715 2271 876 2335 quae
930 2271 1054 2315 vox
1111 2269 1237 2314 uon
1281 2252 1596 2317 invenitur
1653 2254 1716 2316 in
1780 2253 2123 2320 codicibus.
2228 2256 2434 2339 Bergk
2492 2263 2691 2320 autem

428 2361 686 2447 ἔλεγχος
737 2357 987 2440 χρόνων
1032 2380 1226 2425 voces
1273 2362 1433 2425 idem
1476 2362 1611 2426 fere
1649 2362 1899 2427 videtur
1943 2364 2233 2428 habuisse
2276 2371 2458 2447 atque
2501 2384 2693 2430 anna-

430 2474 566 2552 1083
611 2490 729 2537 nec
773 2471 963 2545 multo
1009 2472 1191 2536 aliter
1233 2472 1511 2552 Krause,
1576 2474 1680 2555 qui
1737 2476 1925 2539 vertit
1961 2473 2180 2539 ‘iudex
2222 2467 2584 2559 temporum‘
2628 2484 2695 2540 et

423 2582 626 2648 simile
679 2584 800 2646 hoc
842 2584 1091 2657 videtur
1132 2600 1360 2647 nomen
1403 2582 1694 2648 babuisse
1749 2603 1823 2648 ac
1886 2582 2187 2663 χρονικαί
2242 2582 2581 2663 συντάξεις,
2624 2594 2694 2652 ut

423 2695 573 2759 fecit
615 2676 971 2777 Schwegler
1015 2710 1266 2774 quoque
1310 2693 1370 2756 b.
1431 2693 1503 2758 R.
1554 2694 1667 2774 lp.
1700 2692 1785 2762 38
1829 2711 1972 2758 anu.
2015 2694 2075 2759 2.
2165 2694 2285 2759 Sed
2328 2713 2688 2776 quamquam

424 2804 783 2869 Plutarchus
825 2803 996 2885 dicit,
1038 2804 1131 2867 sic
1171 2804 1312 2885 fere
1355 2790 1563 2879 (οὕτω
1604 2803 1763 2886 πως)
1810 2806 1969 2870 libro
2013 2805 2100 2869 illi
2139 2808 2496 2888 inscriptum
2528 2805 2684 2869 fuis·

422 2935 517 2996 sc,
562 2921 764 2980 tamon
812 2914 977 2979 illam
1021 2914 1542 2999 significationem
1589 2915 1762 2979 nullo
1808 2915 1991 2979 modo
2046 2916 2380 2982 concedam
2420 2917 2680 2982 vocibus

419 3022 671 3107 ἔλργχος
689 3020 942 3108 χρόνων
973 3026 1200 3091 inesse.
1267 3025 1450 3090 Nullo
1481 3026 1644 3090 enim
1676 3033 1782 3090 aut
1806 3027 2116 3092 Plutarchi
2147 3033 2252 3090 aut
2285 3028 2440 3092 alius
2467 3030 2680 3112 graeci

418 3136 688 3199 auctoris
739 3136 883 3199 loco
942 3134 1207 3200 indicem
1271 3129 1333 3199 id
1377 3136 1544 3217 quod
1603 3144 1701 3202 est
1746 3131 1997 3218 ἔλεγχος
2046 3155 2322 3218 aequare
2365 3140 2685 3219 probatur.

415 3248 604 3315 Solus
649 3252 820 3310 extat
864 3246 1042 3311 locus
1097 3247 1271 3311 Plinii
1316 3247 1600 3329 praefat„
1648 3247 1753 3310 ubi
1788 3248 2206 3313 ‘historiarum
2250 3250 2457 3313 mundi
2503 3250 2683 3314 elen-

415 3351 585 3424 chos’
632 3375 746 3441 pro
801 3356 1009 3420 indico
1057 3356 1305 3438 dicitur,
1351 3363 1414 3420 et
1448 3352 1731 3421 'fortasse
1775 3356 2044 3423 Sueton.·
2072 3375 2331 3441 gramm.
2375 3360 2418 3424 8
2455 3359 2680 3425 ‘anua-

412 3471 559 3536 lium
601 3468 784 3535 Ennii
829 3464 1094 3531 eloncbi‘
1152 3465 1396 3530 indices
1460 3467 1829 3551 significant.
1917 3470 2149 3544 Quibus
2216 3470 2511 3552 exemplis
2554 3471 2680 3534 ullo

412 3588 691 3662 tempore
744 3579 905 3643 hauc
965 3577 1483 3662 significationem
1542 3580 1606 3641 in
1670 3580 1922 3663 graecis
1968 3581 2385 3660 scriptoribus
2426 3596 2680 3662 usquam

413 3691 696 3755 extitisse
737 3706 864 3754 non
907 3689 1200 3753 firmatur.
1298 3687 1476 3764 Quod
1521 3695 1590 3752 ut
1633 3682 2149 3768 concederemus,
2192 3696 2399 3754 tamen
2440 3692 2677 3756 Plutar-

414 3800 568 3866 chus
609 3814 736 3863 non
772 3800 948 3863 credi
990 3804 1208 3883 posset
1281 3799 1376 3863 sic
1428 3786 1598 3880 opus'
1647 3799 1800 3864 illud
1846 3801 2236 3880 nominasse,
2292 3801 2520 3882 quippe
2561 3803 2679 3879 cui,

409 3911 544 3976 sive
611 3908 866 3973 annales
935 3910 1148 3975 intelle
1160 3911 1350 3995 gebat
1421 3911 1557 3974 sive
1616 3911 2127 3995 chronologicum
2196 3909 2444 3993 aliquod
2514 3913 2678 3975 scri-

411 4029 603 4104 ptum,
654 4019 773 4084 alia
825 4021 1014 4084 verba
1061 4022 1210 4085 satis
1249 4022 1435 4086 multa
1480 4029 1734 4103 praesto
1778 4029 2013 4098 essent,
2056 4023 2282 4102 quibus
2326 4025 2679 4088 accuratius

407 4132 560 4217 quid
615 4131 807 4196 vellet
862 4131 1184 4196 indicaret.
1295 4132 1394 4196 Ad
1452 4134 1708 4197 verbum
1754 4150 1907 4196 vero
1966 4134 2020 4195 si
2066 4133 2363 4197 vertimus
2428 4129 2675 4214 ἔλεγχος

399 4239 654 4327 χρόνων
727 4249 836 4309 aut
897 4238 1211 4308 ‘refutatio
1271 4236 1634 4326 temporum‘
1697 4252 1794 4309 est
1816 4291 1836 4323 ,
1912 4252 2018 4309 aut
2075 4243 2366 4311 ‘examen
2436 4253 2672 4328 tempo-
