2967 4992
1215 305 1595 372 ...74-

142 510 151 513 τ
277 458 609 562 Dionysius
652 485 1004 562 praeterea,
1046 479 1153 560 qui
1196 483 1291 542 tot
1321 485 1620 542 auctores
1649 479 1946 557 nominat,
1989 494 2297 559 nunmiam
2326 476 2538 542 lm

279 597 753 670 commemorat,
813 608 932 653 nec
977 589 1121 652 Iuba
1148 590 1257 652 *sic
1298 608 1332 652 a
1379 589 1704 653 Plutarcho
1767 589 2059 652 laudibus
2105 588 2538 666 extolleretur,

274 700 331 765 si
374 719 454 764 ex
495 700 753 764 historia
795 699 1075 781 Dionysii
1115 706 1235 763 tam
1283 700 1357 762 ad
1406 701 1662 763 verbum
1698 698 1938 771 furatus
1981 706 2167 763 esset.-
2260 700 2416 763 Nam
2453 718 2537 764 ex

277 813 473 875 tribus
520 811 678 874 locis
725 829 876 874 casu
920 812 1189 874 servatis
1231 810 1466 874 eisdem
1511 810 1646 874 fere
1693 811 1898 874 verbis
1928 812 2179 891 scriptis
2223 829 2366 875 cum
2402 811 2536 874 veri

271 919 670 984 similitudine
713 920 1100 998 efficeretur,
1168 926 1420 985 omnino
1478 939 1673 1003 saepe
1716 938 1895 983 usum
1942 937 2082 984 esse
2135 922 2393 986 alterum
2437 921 2539 984 al-

274 1039 434 1095 tero.
527 1032 708 1108 Quod
756 1039 983 1095 tantum
1028 1033 1204 1096 abest
1249 1038 1316 1094 ut
1359 1052 1438 1096 ex
1483 1034 1712 1097 ceteris
1775 1032 1962 1095 lubae
2018 1031 2380 1116 fragmentis
2422 1051 2535 1097 sa-

279 1145 360 1205 tis
399 1143 613 1206 multis
651 1151 964 1223 appareat,
1010 1150 1077 1206 ut
1120 1148 1365 1223 praeter
1412 1144 1527 1208 hos
1573 1145 1749 1211 locos
1793 1143 2002 1209 nullus
2046 1146 2397 1208 inveniatur
2438 1147 2536 1208 si-

277 1253 478 1329 milis;
519 1262 695 1318 recte
742 1259 904 1317 enim
947 1271 1080 1316 eam
1122 1254 1628 1334 similitudinem,
1684 1274 1841 1337 quae
1900 1257 2061 1320 inter
2105 1255 2312 1321 Iubam
2378 1254 2538 1338 apud

274 1364 424 1428 Plut.
470 1365 642 1428 Rom.
694 1362 798 1441 15,
841 1363 881 1429 3
928 1371 991 1426 et
1032 1363 1394 1448 Dionysium
1441 1367 1518 1443 11,
1561 1365 1647 1429 30
1714 1367 2082 1445 intercedit,
2140 1365 2534 1448 Kiesslingl.

133 1504 139 1515 1
272 1492 326 1537 s.
372 1491 420 1537 s
467 1494 522 1557 p.
565 1473 647 1538 27
684 1473 929 1538 videtur
973 1475 1337 1540 removisse.

444 1586 658 1666 Itaque
702 1592 878 1647 recte
921 1586 1133 1668 colligi
1181 1586 1503 1664 existimo,
1550 1586 1711 1668 apud
1757 1585 2132 1667 Stephanum
2173 1585 2538 1669 Byzantium

273 1695 485 1758 Iubam
528 1695 852 1761 confusum
899 1713 1043 1761 esse
1085 1713 1223 1760 cum
1267 1697 1595 1779 Dionysio,
1645 1695 1813 1778 quod
1862 1715 1992 1760 non
2037 1699 2316 1761 raro—ibi
2345 1698 2537 1762 ‘acci-

273 1803 464 1868 ditin
505 1806 856 1870 nominibus
897 1806 1160 1872 aliorum
1204 1809 1595 1889 scriptorum.
1686 1808 1834 1870 Nam
1884 1805 2051 1889 quod
2092 1814 2187 1871 ter
2233 1807 2533 1873 Herodo-

270 1921 373 1980 tus
416 1934 531 1998 pro
578 1916 700 1981 alio
744 1919 1053 2000 scriptore
1097 1921 1332 1999 positus
1379 1927 1495 1997 est,
1542 1920 1812 1981 fortasse
1858 1937 1973 2000 pro
2021 1919 2419 1999 Herodiano,
2464 1927 2534 1984 ut

272 2028 625 2109 suspicatur
657 2029 945 2093 Heineke
985 2028 1063 2111 (8.
1088 2050 1188 2094 vv.
1216 2024 1634 2111 Ἀλάβαστρα,
1687 2029 2101 2113 Καλαμένθη,
2146 2029 2533 2112 Κανθηλία),

273 2145 338 2201 et
379 2138 474 2202 bis
519 2139 862 2204 Menander
905 2158 1019 2221 pro
1062 2139 1429 2203 Alexandro
1486 2140 1830 2203 secundum
1876 2140 2167 2205 Meinekii
2209 2143 2537 2207 coniectu·-

271 2267 403 2313 ram
446 2248 527 2332 (s.
575 2270 675 2314 vv.
728 2245 1019 2330 Τάναγρα
1062 2258 1125 2312 et
1183 2247 1527 2331 Τέμβριον)
1554 2296 1572 2327 ,
1614 2267 1825 2314 nonne
1869 2251 2071 2331 idem,
2115 2252 2289 2332 quod
2332 2254 2536 2315 nomi-

272 2374 420 2423 num
456 2361 860 2425 similitudine
904 2361 1128 2426 factum
1170 2369 1313 2440 est,
1359 2360 1494 2425 fieri
1535 2363 1814 2442 potuisse
1858 2362 2185 2426 credamus
2229 2363 2530 2427 librorum

269 2472 456 2535 simili
501 2473 958 2556 inscriptione?
2135 2481 2147 2489 ’

443 2584 660 2648 Restat
697 2591 764 2648 ut
804 2582 885 2646 de
927 2583 1294 2668 fragmentis
1332 2583 1632 2647 seeundo
1647 2590 1710 2645 et
1740 2586 1932 2647 tertio
1960 2603 1997 2647 a
2025 2532 2335 2666 Stephano
2379 2602 2526 2651 sor·-

272 2695 432 2757 vatis
471 2695 775 2759 nonnulla
819 2693 1133 2758 addamus.
1225 2695 1294 2757 ln
1338 2695 1689 2777 fragmento
1732 2695 2018 2758 secundo
2055 2715 2218 2778 quae
2257 2698 2535 2762 interce-

273 2805 430 2868 dunt
499 2805 890 2870 differentiae
945 2809 1110 2870 inter
1152 2805 1438 2886 Stephani
1481 2814 1548 2868 et
1603 2806 1886 2888 Dionysii
1942 2807 2173 2886 verba,
2231 2826 2352 2872 eae·
2383 2810 2534 2874 inde

269 2916 653 2996 explicantur
671 2961 691 2994 ,
752 2917 920 2997 quod
980 2925 1088 2981 aut
1146 2915 1494 3001 Stephanus
1554 2923 1661 2980 aut
1724 2918 1860 2983 eius
1916 2918 2356 3000 epitomatores
2411 2937 2532 2985 nee

271 3025 653 3106 participium
694 3026 865 3088 serre
909 3030 973 3087 et
1015 3027 1509 3088 enunciationem
1547 3027 1837 3089 breviare
1880 3027 2225 3092 voluerunt.
2284 3029 2424 3093 lioe
2463 3039 2533 3094 m

270 3152 354 3198 ex
394 3136 622 3201 vocula
668 3128 868 3209 οὕτως
910 3153 1039 3201 non
1081 3136 1219 3199 sine
1275 3136 1498 3216 aliqua-
1529 3137 1927 3221 neglegentia
1970 3138 2174 3220 posita
2192 3184 2211 3218 ,
2269 3141 2356 3204 ita
2397 3140 2533 3206 for·-

272 3253 440 3311 tasse
500 3267 581 3312 ex
636 3248 847 3312 verbis
906 3249 1021 3327 τὴν
1054 3240 1450 3328 Ἀβοριγήνην
1518 3254 1703 3329 patet.
1795 3249 1977 3327 Quod
2040 3267 2242 3334 genus
2309 3270 2522 3334 parum

269 3366 559 3424 accurate
603 3359 869 3424 aliorum
917 3359 1109 3421 verba
1167 3358 1399 3421 citandi
1454 3375 1594 3421 cum
1657 3361 1735 3422 ab
1791 3361 2080 3424 omnibus
2118 3366 2530 3445 grammaticis

267 3477 396 3534 tum
440 3489 476 3537 a
517 3471 829 3553 Stephano
875 3470 1125 3534 minime
1154 3475 1254 3533 est
1294 3469 1564 3533 alienum
1591 3469 1664 3546 ¹).
1706 3505 1788 3517 --
1815 3471 1930 3535 De
1966 3473 2149 3537 tertio
2178 3473 2529 3558 fragmento

271 3582 597 3647 dicendum
628 3586 788 3661 erit,
833 3601 916 3646 ex
958 3581 1181 3646 multis(
1208 3581 1454 3662 quidem
1501 3583 1907 3664 scriptoribus
1952 3584 2328 3666 Stephanum
2369 3586 2530 3651 hau...

267 3695 400 3759 rire
451 3695 731 3776 potuisse
788 3694 952 3759 illam
1009 3694 1463 3778 etymologiam.
1551 3693 1674 3767 Sed
1735 3712 1876 3758 cum
1933 3696 2027 3759 bis
2083 3696 2199 3759 hos
2240 3703 2529 3764 auctores

269 3994 372 4064 (ef.
407 3995 676 4051 Lehmann.
711 3995 777 4048 de
813 3994 1023 4049 Claudio
1060 4004 1113 4048 et
1145 3993 1346 4050 Nerone
1382 4011 1435 4062 p.
1453 3997 1524 4047 40
1560 3997 1726 4064 sqq).,
1760 3994 1916 4049 verba
1945 3996 2205 4064 utriusque
2242 3998 2363 4049 satis
2397 3999 2529 4091 inter

271 4105 328 4143 se
361 4083 610 4144 differunt.

472 4183 533 4252 1)
569 4182 740 4238 Simile
775 4182 1055 4250 exemplum
1102 4199 1154 4235 v.
1194 4198 1277 4251 ap.
1320 4184 1495 4251 Steph.
1542 4201 1589 4240 s.
1619 4200 1671 4237 v.
1704 4182 1953 4237 Ἀπάτου
1923 4201 2064 4252 υρον
2109 4185 2224 4269 coll
2262 4185 2426 4263 Strah.
2458 4182 2527 4238 x1

270 4294 323 4347 p.
359 4279 481 4334 495.
