2967 4992
1179 296 1597 363 ..31-

254 475 458 541 tarchi
501 478 796 538 auctores
842 469 1154 534 Valerium
1213 469 1410 535 fuisse
1470 483 1595 529 non
1656 471 1750 527 est
1805 464 1970 545 quod
2016 481 2335 546 negemus,
2381 484 2516 527 ma..

250 601 562 668 gnamque
602 587 840 664 partem
880 577 1343 643 similitudinum
1388 574 1704 640 Plutarchi
1764 580 1826 637 et
1865 573 2145 657 Dionysii
2210 574 2356 663 inde
2399 594 2516 636 ex-

261 694 605 777 plicandam
637 691 825 768 duco,
872 689 1036 771 quod
1071 694 1335 768 uterque
1376 685 1629 750 eosdem
1676 686 1886 749 fontes
1918 662 2157 764 habuit;
2203 683 2517 757 Valerium

254 814 456 871 autem
501 808 763 882 uterque
807 801 872 862 in
918 796 1160 863 deliciis
1207 796 1435 860 habuit.

425 914 602 983 Nunc
644 909 948 993 expeditis
992 923 1156 988 quae
1199 907 1260 969 in
1293 921 1592 986 praesens
1621 902 1699 966 de
1740 902 2052 969 historicis
2083 901 2293 967 dicere
2321 903 2518 982 volui,

254 1024 331 1089 ad
391 1029 678 1091 oratores
746 1018 905 1085 duos
974 1035 1068 1079 me
1122 1022 1483 1083 convertam
1510 1061 1532 1092 ,
1577 1014 1909 1079 ‘Tiberium
1974 1011 2118 1079 dico
2179 1018 2243 1077 et
2287 1014 2519 1081 Gaacm

254 1134 599 1205 Gracchos.
685 1129 887 1211 Atque
913 1128 1039 1192 Gai
1081 1126 1354 1208 quidem,
1399 1131 1465 1188 ut
1509 1123 1586 1187 ab
1631 1124 1752 1187 hoc
1795 1123 2034 1189 initium
2080 1122 2323 1202 faciam,
2368 1141 2517 1187 ora-

265 1247 483 1311 tiones.
514 1248 639 1309 tam
680 1240 784 1307 diu
826 1243 1106 1304 servatas
1152 1235 1478 1303 Plutarcho
1532 1241 1711 1299 notas
1792 1232 1984 1301 faisse
2042 1234 2175 1313 ipse
2240 1233 2519 1299 declarat

255 1354 324 1423 C.
371 1352 477 1417 Gr.
521 1352 586 1428 4,
627 1349 703 1412 4:
751 1342 1008 1426 τοιαῦτη
1046 1344 1167 1428 μὲν
1221 1338 1262 1428 ἦ
1321 1343 1537 1427 πικρία
1596 1344 1721 1406 τῶν
1767 1342 1972 1426 λόγων
2033 1335 2107 1425 ἦν
2147 1337 2365 1414 αὐτοῦ,
2410 1341 2522 1407 καὶ

252 1455 459 1525 πολλὰ
520 1460 738 1537 λαβεῖν
766 1457 835 1521 ἐκ
860 1458 984 1518 τῶν
1008 1452 1449 1537 γεγραμμένων
1474 1450 1646 1516 ἔστιν
1676 1447 1883 1532 ὅμοια.
1940 1453 2174 1533 Aperte
2214 1453 2375 1519 enim
2414 1451 2517 1515 hic

252 1571 448 1655 ipsius
490 1569 722 1648 scripta
767 1569 1166 1649 opponuntur
1209 1565 1326 1641 eis,
1373 1579 1535 1644 quae
1579 1561 1686 1627 alii
1730 1561 1806 1624 ab
1852 1579 1930 1625 eo
1965 1561 2124 1625 dicta
2166 1562 2509 1627 tradebant.

253 1679 538 1761 Quodsi
581 1684 889 1752 tenemus,
936 1693 1010 1738 ea
1057 1689 1306 1755 quoque
1353 1672 1566 1751 verba,
1612 1690 1774 1753 quae
1819 1672 1885 1737 G.
1918 1672 2237 1739 Gracchus
2283 1671 2353 1737 ἔν
2394 1695 2515 1735 τινι

253 1789 477 1874 βιβλίῳ
500 1785 548 1869 ¹)
596 1787 903 1872 γέγραφεν
947 1784 1061 1867 (Τί.
1096 1782 1200 1846 Gr.
1230 1781 1297 1861 8,
1328 1779 1418 1863 7),
1456 1788 1524 1845 ut
1568 1783 1735 1848 unde
1776 1783 2059 1848 Tiberius
2100 1784 2192 1846 rei
2240 1783 2518 1866 publicae

254 1897 570 1965 sanandae
643 1897 973 1965 consilium
1034 1896 1304 1974 cepisset
1365 1900 1755 1974 exponeret,
1823 1911 1905 1956 ex
1965 1895 2252 1959 oratione
2310 1893 2518 1975 aliqua

258 2006 375 2073 Gai
439 2024 583 2073 esse
627 2005 938 2088 desumpta
985 2004 1395 2083 censebimus,
1439 2021 1521 2067 ex
1566 2002 1782 2067 eadem
1825 2003 2115 2081 fortasse,
2157 2020 2274 2084 qua
2331 2004 2521 2068 verba

251 2117 318 2181 G.
378 2115 482 2187 Gr.
524 2115 596 2196 3,
640 2116 681 2182 3
726 2117 1014 2198 populum
1058 2112 1134 2180 ad
1178 2114 1601 2183 ulciscendam
1640 2114 1868 2179 Tiberii
1922 2120 2179 2180 mortem
2238 2124 2519 2178 commo-

262 2228 492 2297 ventia.
593 2226 747 2296 Nam
802 2226 1092 2293 facillime
1152 2224 1340 2291 Gaius
1418 2223 1540 2288 hoc
1613 2241 1693 2289 ao
1773 2225 2103 2306 impetrare
2157 2226 2390 2305 potuit,
2449 2228 2520 2286 ut

249 2337 477 2403 Tiberii
560 2339 622 2403 in
693 2335 983 2418 populum
1050 2352 1323 2401 amorem
1395 2332 1801 2417 praedicaret.
1906 2331 2239 2417 Utrumque
2313 2341 2517 2401 autem

250 2449 660 2533 fragmentum
702 2445 1093 2513 tribuendum
1139 2451 1258 2521 est,
1299 2445 1366 2509 ni
1412 2443 1620 2521 fallor,
1666 2444 1933 2509 orationi
1991 2445 2055 2507 in
2110 2445 2171 2508 P.
2219 2444 2516 2526 Popilium

254 2557 497 2627 habitae
507 2578 530 2636 3
579 2575 716 2625 nam
761 2573 817 2623 c.
862 2554 907 2618 4
949 2554 1312 2621 Plutarchus
1357 2555 1598 2638 pergit,
1645 2552 1877 2625 Gaium,
1923 2562 2243 2636 postquam
2290 2554 2518 2618 talibus

262 2667 465 2736 verbis
505 2667 802 2751 populum
845 2666 1226 2743 excitasset,
1286 2664 1440 2728 duas
1497 2664 1635 2731 illas
1693 2664 1870 2747 leges
1935 2671 2154 2731 contra
2197 2664 2277 2729 Μ.
2323 2663 2518 2728 Octa-

254 2779 417 2841 vium
462 2786 526 2843 et
571 2779 630 2844 P.
673 2778 971 2865 Popilium
1012 2776 1253 2841 tulisse.
1343 2772 1425 2841 Et
1466 2775 1699 2856 optime
1742 2771 1991 2854 quidem
2048 2790 2187 2839 cum
2248 2774 2343 2837 his
2388 2775 2522 2838 fra-

247 2890 516 2974 gmentis
556 2887 969 2955 conciliantur
1012 2904 1129 2965 ea,
1187 2901 1350 2971 quae
1392 2884 1686 2969 leguntur
1730 2900 1827 2965 ap.
1878 2884 2037 2951 Feat.
2082 2901 2131 2948 s.
2175 2903 2234 2949 v.
2281 2884 2515 2949 occisi-

248 3006 467 3065 santur
510 3015 566 3077 p.
614 2997 738 3062 201
784 2992 1084 3078 (Muelle
1126 2994 1234 3076 „G.
1281 2992 1597 3058 Gracchus
1642 3009 1757 3075 pro
1804 2993 2030 3056 rostris
2087 2993 2152 3055 in
2199 2994 2259 3057 P.
2303 2994 2517 3076 Popil-

248 3109 436 3172 lium:
470 3102 782 3175 ‘homines
821 3105 1004 3171 liberi
1042 3122 1211 3171 nunc
1256 3107 1321 3173 in
1375 3102 1603 3185 oppido
1670 3095 2147 3169 occisitantur’“.
2193 3141 2275 3154 -
2323 3104 2516 3171 Prae-

251 3222 428 3284 terea
492 3216 738 3285 videtur
807 3218 1063 3285 novisse
1117 3215 1482 3283 Plutarchus
1555 3214 1900 3279 orationem
1964 3214 2029 3277 in
2094 3213 2159 3277 C.
2216 3215 2517 3281 Fannium

247 3327 537 3409 scriptam
580 3326 679 3404 (C.
727 3325 830 3395 Gr.
875 3325 985 3407 12,
1021 3326 1094 3404 2)
1116 3358 1151 3404 ,v
1211 3343 1395 3408 quam
1454 3325 1681 3389 Cicero
1738 3323 1988 3406 quidem
2054 3322 2302 3407 legerat
2357 3325 2515 3408 (Cic.

248 3437 415 3500 Brut.
457 3436 566 3512 26,
615 3434 787 3519 100).
875 3436 1031 3499 Num
1076 3454 1172 3513 ea,
1217 3453 1379 3518 quae
1433 3436 1615 3499 affert
1659 3432 2034 3499 Plutarchus
2080 3433 2143 3499 C.
2192 3434 2298 3498 Gr.
2338 3434 2404 3513 8,
2452 3435 2514 3514 1,

255 3565 334 3611 ex
379 3548 664 3610 oratione
721 3547 1055 3628 sumpserit
1113 3544 1454 3609 diiudicare
1512 3563 1639 3608 non
1694 3544 1906 3608 ausim.
1965 3577 2036 3589 -
2089 3543 2217 3609 Sed
2261 3544 2402 3608 ibid.
2446 3545 2514 3625 2,

249 3655 291 3722 5
338 3657 629 3723 nonnulla
675 3675 756 3719 ex
799 3655 1061 3720 Gracchi
1107 3657 1397 3719 oratione
1435 3656 1677 3736 posuit,
1732 3672 1915 3736 quam
1982 3654 2082 3718 hic
2121 3652 2297 3739 lapud
2351 3673 2514 3725 cen..

255 3783 437 3833 sores
476 3766 832 3840 habuisset,
891 3783 1032 3829 cum
1088 3767 1284 3830 invito
1337 3774 1631 3849 praetore
1675 3782 1794 3829 suo
1852 3783 1930 3828 ex
1972 3764 2174 3839 Sicilia
2218 3782 2514 3831 reversus

251 3876 410 3958 apud
456 3893 569 3940 eos
616 3882 942 3941 accusatus
986 3882 1188 3939 esset:
1233 3876 1693 3960 ἐστρατεῑσθαι
1738 3870 1861 3952 μὲν
1928 3872 2047 3954 γὰρ
2114 3867 2237 3956 ἔφη
2274 3872 2513 3939 δώδεκα

252 3982 382 4066 ἔτη,
421 3986 549 4051 τῶν
588 3983 800 4051 ἄλλων
841 3985 989 4050 δέκα
1055 3983 1563 4067 στρατευομένων
1602 3985 1671 4047 ἐν
1712 3982 2038 4066 ἀνάγκαις,
2095 3983 2404 4062 ταμιεύων
2441 3982 2511 4046 δὲ

448 4217 506 4283 1)
541 4216 618 4269 De
651 4217 752 4270 hoc
785 4215 951 4271 libello
986 4215 1102 4270 vide
1136 4231 1268 4284 quae
1301 4215 1431 4270 inb-a
1469 4231 1521 4284 p.
1560 4215 1628 4271 33
1671 4231 1788 4270 ann.
1835 4215 1860 4269 1
1896 4215 2014 4268 dixi.
