2967 4992
1468 240 1485 249 ι

591 256 608 271 ⁰
669 262 684 276 υ
799 258 816 273 0
908 258 924 271 θ
984 266 1002 279 ι
1046 266 1170 281 σου.
1348 268 1365 281 υ
1439 256 1449 267 “
1503 256 1520 267 “

573 288 625 307 .-
668 292 685 306 Ο
720 282 813 308 ..O
849 276 866 290 .
956 284 972 298 .
1014 281 1031 295 .
1111 302 1169 313 ..υ
1262 304 1271 314 ¹
1334 302 1375 313 s«
1517 288 1524 297 ἐ

667 322 684 336 0
722 311 812 351 Ο..ο
848 308 964 341 ..α’
1024 314 1041 325 ·
1078 320 1119 345 .-
1153 334 1161 345 ε
1321 330 1327 341 ‘
1384 334 1401 347 (a
1478 309 1561 374 3*

860 342 876 354 Ὀ
984 348 1031 377 .-
1230 366 1269 377 ((
1309 343 1403 373 *r
1649 344 1732 357 ¹—-

397 476 474 540 de
515 493 586 540 se
631 477 1013 558 loqueretur.
1102 479 1177 542 Et
1222 482 1379 560 apud
1412 480 1751 565 Vergilium
1779 483 1874 546 sic
1904 483 2165 565 legimus
2201 478 2427 566 ‘ecqua
2458 491 2664 549 tamen

388 604 584 667 puero
627 598 723 651 est
767 590 1029 652 amissae
1074 607 1226 652 cura
1272 588 1617 671 parentis‘“.
1710 593 1951 674 Optime
1996 591 2074 654 de
2119 594 2413 659 hocloco
2441 595 2663 677 dispu-

398 702 550 762 tavit
591 699 945 782 Nipperdey
1000 701 1039 764 l.
1102 720 1154 767 s
1215 721 1265 765 s.
1317 720 1372 781 p.
1430 703 1537 766 86.
1655 703 1943 782 Exponit,
1993 705 2201 785 inepte
2266 707 2462 771 verba
2497 706 2664 773 ‘tuus

391 827 616 890 parens
665 805 816 873 sum'
863 831 895 872 a
940 813 1074 873 viro
1119 811 1280 874 dicta
1330 813 1630 894 intellegi,
1678 830 1818 876 nam
1864 815 2166 878 neminem
2206 834 2477 897 unquam
2509 820 2661 901 quin

384 913 654 1001 ‘'parens
697 922 889 1002 patris
951 923 1409 1005 significatione.
1453 924 1795 987 masculine
1850 936 2255 1005 usurparetur
2299 927 2657 1007 dubitasse3

390 1039 715 1110 praeterea
762 1048 888 1094 non
934 1049 1121 1112 posse
1178 1033 1393 1114 plurali
1442 1051 1705 1096 numero
1752 1048 1932 1099 unam
1983 1042 2238 1099 matrem
2292 1038 2659 1120 significari,

389 1139 615 1205 deinde
657 1158 777 1205 nec
827 1138 990 1204 ‘sed‘
1050 1146 1405 1223 particulam
1468 1163 1584 1207 nec
1625 1135 1758 1221 ‘et',
1819 1164 1936 1225 qua
1993 1146 2251 1229 Vergilii
2311 1149 2659 1232 exemplum

389 1251 802 1337 adiungatur,
861 1261 1035 1317 recte
1091 1254 1356 1332 habere3
1421 1262 1540 1317 tum
1603 1275 1682 1317 ne
1741 1256 1843 1318 illa
1902 1255 2148 1336 quidem
2196 1254 2359 1321 ‘cum
2406 1259 2555 1323 dicit
2596 1263 2655 1325 in

381 1365 833 1448 significatione
881 1359 1107 1428 matris'
1167 1372 1334 1428 recta
1396 1383 1575 1441 esse,
1636 1368 1774 1447 quia
1821 1368 1970 1446 quid
2029 1368 2290 1432 dixisset
2335 1368 2663 1435 Gracchus,

383 1477 574 1540 omitti
623 1492 765 1559 non*
807 1478 1112 1556 potuerit;
1170 1482 1485 1558 postremo
1540 1479 1602 1539 in
1650 1495 1728 1537 eo
1776 1476 2071 1554 offendit,
2118 1478 2286 1560 quod
2332 1480 2653 1546 Charisius

384 1588 661 1668 quamvis
707 1606 891 1668 supra
939 1594 1257 1670 parentem
1303 1605 1570 1666 unquam
1618 1589 1912 1651 feminino
1970 1608 2211 1672 genere
2256 1594 2403 1673 poni
2453 1611 2656 1675 nega-

384 1699 566 1778 verit,
613 1706 810 1762 lamen
869 1721 947 1761 ex
993 1699 1271 1782 Vergilio
1332 1702 1464 1762 eius
1528 1701 1618 1761 rei
1672 1702 2014 1781 exemplum
2081 1703 2372 1766 attulerit.
2419 1704 2661 1768 -sliis

385 1811 744 1892 praemissis
789 1808 864 1874 ad
894 1812 1105 1874 'locum
1145 1811 1487 1874 sanandum
1537 1812 1935 1894 progredior,
1983 1814 2058 1875 ab
2105 1818 2406 1877 extremis
2449 1816 2659 1879 verbis

383 1932 672 2012 exorsus.
763 1925 856 1987 Ac
904 1923 1161 2007 Vergilii
1213 1940 1460 1986 versum
1510 1923 1544 1984 l.
1593 1922 1709 1999 111,
1755 1921 1873 1987 341
1930 1930 1996 1986 ut
2039 1926 2372 2008 genuinum
2422 1945 2657 2007 nuper-

390 2035 546 2095 rimo
607 2034 857 2096 editori·
891 2034 962 2095 Ο.
1026 2032 1362 2096 Ribbeckio
1427 2033 1890 2113 concedamus,
1953 2037 2067 2097 etsi
2131 2037 2413 2118 equidem
2473 2039 2651 2101 aliter

385 2130 464 2206 de
508 2160 590 2206 eo
646 2146 893 2222 sentio,
936 2144 1094 2225 apud
1152 2144 1493 2228 Charisium
1558 2150 1757 2207 tamen
1819 2163 1943 2218 non
2001 2146 2300 2210 ferendus
2362 2155 2492 2226 est3
2551 2151 2654 2215 ubi

380 2264 630 2338 praeter
693 2258 1119 2338 gravissimam
1182 2255 1511 2338 Nipperdei
1575 2274 1826 2320 causam
1887 2259 2154 2322 alicuius
2201 2262 2321 2323 erit
2363 2260 2654 2324 momenti

377 2368 542 2449 quod
586 2385 895 2449 nunquam
940 2367 1256 2431 Charisius
1301 2376 1596 2432 auctores
1643 2387 1792 2450 spos
1826 2370 2120 2449 producit
2154 2371 2403 2454 legendi
2453 2372 2646 2434 verbo

378 2478 669 2544 adhibito.
758 2479 988 2542 Nostro
1036 2481 1225 2561 igilur
1272 2481 1412 2542 iure
1462 2481 1582 2542 hoc
1627 2480 2104 2545 additamentum
2139 2485 2506 2562 posterioris
2552 2484 2652 2545 le-

378 2592 570 2654 ctoris
615 2592 936 2654 eiciemus,
1032 2591 1151 2653 lam
1201 2590 1569 2654 accedamus
1616 2589 1690 2653 ad
1737 2609 1849 2668 ea,
1894 2610 2056 2672 quae
2099 2594 2437 2672 praemissa
2483 2599 2648 2656 sunt.

378 2702 489 2765 Ubi
558 2719 670 2782 pro
723 2695 892 2764 ‘sed'
943 2702 1164 2764 vocula
1217 2693 1326 2762 ‘et’
1373 2703 1562 2765 scribi
1601 2690 1918 2780 ‘oportere
1977 2702 2185 2782 liquet.
2289 2702 2418 2763 Nec
2467 2698 2647 2764 ‘suos

376 2804 686 2895 parentes‘
752 2812 876 2874 ullo
943 2810 1123 2874 modo
1190 2819 1396 2891 potest
1441 2813 1715 2878 tolerari,
1808 2812 1957 2875 Nam
2003 2820 2432 2892 praeterquam
2474 2811 2642 2891 quod

380 2941 559 2986 uitam
604 2930 859 2986 matrem
923 2940 1043 2986 non
1118 2940 1304 3005 posse
1362 2924 1584 3002 plurali
1645 2923 1981 3005 significari
2027 2923 2367 3000 rectissime
2412 2923 2644 2985 obser-

379 3032 987 3116 vavit‘Nipperdey,
1047 3037 1107 3096 in
1174 3035 1290 3095 hoc
1346 3052 1608 3097 numero
1666 3020 1927 3116 prorsus
1986 3035 2236 3097 diversa
2296 3039 2392 3095 est
2429 3050 2648 3112 ·quae-.

374 3149 496 3211 stio
555 3153 741 3227 atque
805 3148 864 3208 in
934 3145 1257 3226 singulari.
1351 3146 1663 3208 Parentes
1730 3148 1891 3207 enim
1943 3165 2065 3208 vox
2112 3146 2255 3224 quin
2304 3143 2645 3205 masculine

377 3265 608 3321 tantuin
666 3265 1039 3342 poneretur,
1103 3260 1328 3320 nemini
1378 3275 1639 3337 unquam
1698 3255 1944 3319 dubium
1992 3257 2140 3333 fuit,
2201 3273 2317 3317 nec
2360 3253 2645 3317 Charisio

381 3368 482 3440 vel
528 3369 665 3432 eius
712 3369 1070 3432 auctoribus
1116 3369 1487 3433 innuentem
1538 3370 1790 3432 venisse
1839 3367 2187 3446 credemus,
2234 3365 2383 3429 illud
2433 3383 2646 3427 exem-

374 3483 477 3562 plo
549 3482 837 3564 probare.
952 3482 1164 3561 ltaque
1222 3473 1801 3562 ‘suom1parentem
1867 3474 2046 3544 ainat'
2123 3478 2458 3562 legendum
2528 3477 2644 3551 erit

376 3595 497 3658 lam
542 3596 720 3657 cuius
767 3594 892 3656 sint
939 3592 1129 3655 verba
1165 3584 1352 3654 ‘tuus
1400 3610 1626 3671 parens
1674 3589 1828 3654 sum'
1885 3606 2271 3672 quaeramus.
2363 3589 2642 3660 Mulieris

374 3724 449 3767 ea
495 3722 638 3768 esse
685 3709 1165 3767 consentaneum
1208 3709 1340 3779 est3
1390 3702 1619 3774 nullius
1681 3709 1904 3779 autem,
1937 3701 2128 3783 ⁴quod
2178 3701 2463 3783 equidem
2506 3700 2637 3762 sci-

373 3835 491 3894 ain,
535 3816 814 3879 mulieris
861 3815 1162 3895 epistolae
1207 3816 1610 3878 nominantur
1647 3817 1769 3876 nisi
1816 3812 2146 3876 Corneliae
2190 3812 2637 3875 Gracchorum.

374 3918 582 4010 ltaque
619 3946 780 3997 ‚cum
849 3936 1029 3989 antea
1092 3925 1338 3990 dubium
1395 3928 1597 4006 aliqua
1663 3945 1746 3988 ex
1801 3935 1980 4009 parte
2036 3924 2268 3999 fuerit,
2324 3923 2396 3983 ad
2459 3924 2644 4000 quam

375 4049 625 4103 matrem
678 4042 862 4101 verba
916 4039 1175 4101 Gracchi
1222 4039 1555 4101 referenda
1604 4044 1833 4114 essent,
1883 4055 2046 4099 nunc
2089 4036 2166 4097 de
2213 4035 2399 4112 ipsius
2445 4038 2636 4093 matre

380 4145 612 4222 maiore
667 4142 803 4221 cum
864 4154 994 4223 veri
1057 4151 1452 4224 similitudine
1485 4170 1581 4236 „ea
1645 4151 2046 4229 accipiemus,
2094 4154 2155 4208 el
2211 4163 2322 4226 pro
2375 4141 2457 4215 ‘in
2520 4144 2635 4212 alia
