2967 4992
1370 323 1789 391 „20-

454 502 571 583 πρὸ
622 499 745 562 τῶν
788 493 999 560 ἄλλων
1045 491 1298 574 ἐχώρει·
1345 495 1683 573 δεξαμένου
1728 496 1795 558 δὲ
1842 495 1960 559 τοῦ
1998 494 2327 579 βαράθρου
2356 502 2407 576 ¹)
2450 496 2561 562 τὸν
2601 501 2717 563 ἵπ-

452 633 570 672 πον
615 602 759 690 ἄχρι
799 607 918 687 μέν
970 628 1139 679 τινος
1183 603 1470 687 ἐπειρᾶτο
1516 606 1718 690 πληγῇ
1761 606 1869 670 καί
1901 605 2343 690 παρακελεύσει
2381 597 2718 691 χρώμενος

451 715 816 794 ἐξελαύνειν,
867 712 954 792 ὡς
999 710 1135 800 δ’ἧν
1179 713 1517 798 ἀμήχανον,
1561 711 1753 789 ἐάσας
1799 718 1908 778 τᾶν
1950 716 2144 777 ἵππον
2189 711 2413 781 ἑαυτὸν
2458 716 2713 796 ἔσωζεν.

453 820 486 889 ὃ
530 825 648 906 μὲν
693 818 804 890 οὖν
834 824 1026 902 τόπος
1058 823 1373 889 δι’ἐκεῖνον
1408 822 1503 887 ἔτι
1542 823 1654 886 νῦν
1676 822 1996 905 Κούρτιος
2044 821 2273 898 λάκκος
2318 821 2712 905 ὀνομάζεται.

452 971 535 983 -—-
586 938 726 1000 Piso
770 937 1006 1000 Tullum
1051 935 1377 1000 Hostilium
1442 932 1698 996 fulmine
1759 935 1943 997 ictum
1987 952 2132 998 esse
2178 938 2516 999 memoriae
2574 942 2713 999 tra-

454 1044 626 1127 didit,
668 1045 748 1110 cf.
794 1046 946 1109 Plin.
994 1046 1083 1123 ll,
1144 1044 1249 1123 54,
1302 1043 1438 1107 140.
1485 1043 1759 1121 xxvm,
1803 1044 1867 1122 4,
1920 1044 2018 1123 14,
2079 1062 2215 1107 cum
2267 1047 2526 1109 maxima
2568 1063 2715 1127 pars

452 1157 893 1221 historicorum
937 1155 1250 1220 hominum
1296 1151 1535 1217 insidiis
1583 1172 1723 1216 eum
1772 1154 2063 1218 interisse
2106 1155 2409 1234 dicerent,
2452 1155 2710 1240 Dionys

453 1269 559 1346 111,
605 1265 706 1334 35.
799 1267 915 1331 Hic
960 1280 1213 1349 quoque
1243 1265 1610 1329 Plutarchus
1659 1267 1971 1345 antiquam
2015 1265 2409 1330 traditionem
2452 1284 2713 1331 servare

453 1397 633 1462 quam
673 1378 1019 1442 rationibus
1076 1376 1515 1440 historicorum
1561 1376 1821 1457 obsequi
1864 1376 2092 1453 maluit,
2120 1377 2324 1441 Num.
2367 1375 2475 1456 22,
2520 1380 2577 1444 7.
2623 1402 2710 1423 -·—

453 1490 741 1554 Pisonem
795 1491 1024 1552 scimus
1086 1504 1416 1564 narrasse,
1475 1485 1846 1548 Collatinum
1907 1505 1986 1547 ex
2062 1487 2217 1549 urbe
2276 1462 2509 1568 pulsum
2568 1506 2713 1552 esse

453 1607 708 1683 propter
753 1615 1001 1677 nomen,
1047 1595 1123 1659 cf.
1157 1595 1310 1661 Gell.
1356 1595 1491 1674 XV,
1530 1594 1614 1660 29
1652 1594 1784 1678 (uhi
1815 1601 2013 1658 tamen
2047 1614 2187 1678 pro,
2218 1592 2501 1661 ‘Romam
2548 1615 2710 1661 con-

451 1702 678 1773 tendat’
738 1706 837 1771 vel
871 1700 1093 1769 ‘Roma
1135 1695 1552 1769 incontendat‘
1600 1706 1934 1789 legendum
1979 1714 2129 1787 puto
2174 1693 2381 1772 ‘Roma
2427 1709 2713 1772 incoacte

453 1808 718 1898 evadat‘,
776 1816 856 1881 cf.
918 1816 1047 1879 Liv.
1106 1815 1182 1895 ΙΙ,
1245 1815 1335 1895 2).
1438 1815 1606 1879 Idem
1662 1821 1804 1899 post
1861 1814 2012 1880 alias
2058 1816 2440 1899 expulsionis
2486 1836 2712 1884 causas

454 1932 988 1993 commemoratum
1065 1933 1162 1989 est
1224 1927 1377 1990 Plut.
1438 1926 1665 2009 Poplic.
1724 1930 1786 2006 7,
1829 1924 1904 1991 4:
1965 1916 2235 2006 ἤχθοντο
2296 1922 2548 1993 δαῦτοῦ
2605 1927 2718 1991 καὶ

448 2038 536 2128 τῷ
597 2034 863 2126 δευτέρῳ
914 2035 1042 2099 τῶν
1105 2027 1459 2113 «inondum»,
1521 2026 1996 2118 ἀφοσιούμενοι·
2031 2037 2145 2098 τόν
2204 2034 2569 2120 Ταρκύνιον.
2626 2073 2712 2085 -

453 2150 741 2215 Pisonem
784 2147 1125 2229 respiciens
1169 2132 1538 2207 Plutarchus
1583 2143 1814 2225 Poplic.
1869 2144 1969 2225 14,
2018 2144 2046 2207 1
2100 2146 2164 2208 in
2213 2147 2453 2211 incerto
2508 2150 2711 2214 relin-

451 2261 609 2344 quit,
653 2266 851 2324 utrum
890 2256 1260 2338 Tarquinius
1306 2253 1623 2336 Superbus
1678 2254 1837 2319 filius
1878 2254 2066 2319 fuerit
2110 2256 2304 2320 Prisci
2348 2276 2428 2322 an
2473 2277 2711 2344 nepos;

453 2389 595 2436 nam
636 2369 1075 2449 illenepotem
1114 2383 1255 2429 eum
1303 2365 1567 2444 dixerat,
1615 2367 1692 2430 cf.
1736 2365 1993 2449 Dionys.
2040 2367 2117 2446 4,
2177 2370 2238 2433 7.
2327 2369 2601 2434 Tertium
2646 2373 2710 2435 in

455 2481 674 2546 eadem
720 2481 844 2545 vita
890 2479 1134 2543 Pisonis
1175 2482 1345 2540 extat
1389 2475 1717 2560 vestigium
1754 2476 1868 2556 15,
1904 2475 1983 2555 33
2043 2478 2184 2541 Piso
2237 2480 2400 2542 enim
2443 2480 2713 2564 Tarqui..

446 2593 613 2658 nium
658 2589 935 2656 Priscum
980 2586 1388 2670 quadraginta
1433 2587 1597 2650 milia
1641 2586 1850 2669 pondo
1908 2590 2155 2672 argenti
2198 2590 2263 2651 in
2307 2589 2704 2657 fundamenta

453 2703 665 2787 templi
708 2701 1035 2784 Capitolini
1074 2696 1453 2779 impendisse
1496 2696 1928 2777 affirmaverat,
1994 2716 2176 2780 quem
2222 2717 2541 2764 numerum
2587 2703 2697 2764 Li-

455 2817 598 2879 vius
643 2813 693 2895 1,
734 2812 820 2880 55
864 2812 1063 2875 reicit.

624 2923 830 2991 Semel
887 2929 1120 2986 tantum
1180 2919 1246 2982 C.
1294 2918 1733 3000 Sempronium
1782 2920 2159 2999 Tuditanum
2216 2930 2558 2986 auctorem
2591 2940 2706 2986 ex-

458 3036 628 3100 hibet
671 3032 1031 3100 Plutarchus
1077 3035 1144 3094 in
1187 3031 1607 3110 descriptione
1649 3032 1936 3111 triumphi
1980 3049 2016 3094 a
2059 3032 2123 3094 T.
2169 3033 2512 3100 Flaminino
2569 3037 2709 3115 acti,

456 3148 566 3210 14:
610 3141 680 3209 τό
710 3166 790 3208 τε
819 3145 944 3207 τῶν
966 3137 1314 3224 χρημάτων
1359 3139 1604 3220 πλῆθος
1648 3137 1763 3203 οὐκ
1793 3137 2009 3222 ὀλίγον
2051 3133 2144 3221 ἦν,
2190 3136 2276 3215 ὦς
2304 3132 2712 3229 ἀναγράφου·

447 3276 552 3320 σιν
592 3251 652 3318 οἶ
696 3252 840 3336 περὶ
887 3251 1266 3316 Τουδιτανὸν
1283 3252 1337 3329 ²)
1397 3246 1464 3309 ἐν
1509 3246 1597 3334 τῷ
1656 3247 1948 3337 θριάμβῳ
2007 3251 2389 3334 κομισθῆναι
2425 3253 2711 3336 χρυσίου

445 3370 567 3452 μὲν
614 3361 1196 3444 συγκεχωνευμένου
1256 3357 1476 3443 λίτρας
1530 3358 1876 3441 τριςχιλίας
1933 3355 2311 3436 ἑπτακοσίοις
2375 3364 2709 3443 δεκατρεῖς,

445 3472 723 3559 ἀργύρου
779 3470 848 3534 δὲ
903 3468 1416 3550 τετρακιςμυρίας
1473 3468 1820 3553 τριςχιλίας
1862 3469 2194 3545 διακοσίας
2254 3464 2706 3551 ἑβδομήκοντα,

448 3579 850 3668 φιλιππείους
922 3580 990 3642 δὲ
1029 3579 1315 3659 χρυσοῦς
1356 3577 1627 3659 μυρίους
1687 3578 2214 3661 τέτρακιςχιλώυς
2256 3575 2710 3651 πενταποσίους

449 3689 931 3772 δεκατέσσαρας,
973 3685 1174 3770 χωρίς
1218 3686 1288 3749 δὲ
1330 3683 1573 3748 τούτων
1616 3686 1693 3750 τὰ
1727 3685 1908 3765 χίλια
1951 3684 2244 3768 τάλαντα,
2299 3687 2342 3752 ἃ
2390 3689 2708 3759 Φίλιππος

449 3793 727 3884 ὤφειλεν.

667 4070 721 4137 1)
754 4069 833 4122 De
869 4067 1082 4136 palude,
1133 4081 1266 4136 quae
1319 4075 1424 4119 tum
1481 4067 1726 4135 temporis
1771 4067 1823 4118 in
1873 4065 1990 4119 foro
2046 4074 2181 4130 erat,
2237 4062 2533 4117 Plutarchus
2582 4061 2708 4114 dixit

447 4165 680 4220 eiusdem
716 4180 830 4233 cap.
865 4177 1069 4241 paragr.
1104 4163 1442 4217 antecedenti.

659 4260 719 4329 2)
757 4262 859 4313 τᾶν
892 4257 1118 4312 Ἰτανόν
1156 4257 1329 4324 codd„
1368 4253 1729 4311 Τουδιτανόν
1763 4267 2058 4319 anonymus.
2093 4298 2096 4303 .
