2967 4992
1360 307 1443 322 ..
1538 273 1616 341 13
1703 309 1786 323 -.

454 445 837 511 Plutarchum
893 460 1051 524 quae
1092 443 1344 508 exhibet
1388 445 1452 523 4,
1498 445 1538 511 5
1584 446 1693 524 (cf.
1735 446 1953 525 Senec.
2000 464 2134 529 epp.
2187 448 2307 529 94,
2354 448 2498 530 27):
2545 445 2713 526 ὅλως
2763 457 2776 471 ·

454 555 519 621 δὲ
564 555 763 637 μηδὲν
792 544 1023 618 εὔωνον
1063 548 1220 619 εἶναι
1264 555 1386 619 τῶν
1429 557 1754 638 περιττῶν,
1798 550 1941 619 ἀλλ’
1970 548 2046 621 οὗ
2089 572 2183 634 τις
2225 554 2299 622 οὗ
2344 561 2559 640 δεῖται,
2599 549 2720 627 κᾶν

454 658 771 748 ἀσσαρίου
816 660 1241 747 πιπράσκηται
1285 662 1529 728 πολλοῖ
1575 662 1846 744 νομιζειν
1861 665 1928 748 ¹)·
1977 666 2246 731 κτᾶσθαι
2290 667 2358 731 δὲ
2406 664 2484 732 τὰ
2538 691 2716 735 σπει-

454 758 689 856 ρόμενα
742 773 852 836 καὶ
907 768 1213 853 νεμόμενα
1269 770 1523 853 μᾶλλον
1578 765 1617 855 ἢ
1660 774 1736 834 τὰ
1799 763 2135 853 ῥαινόμενα
2194 773 2310 837 καί
2353 764 2718 860 σαιρόμενα,

454 889 518 945 et
560 881 668 965 21,
699 881 773 947 5:
817 878 927 969 ἀφ’
959 872 1046 948 ὧν
1087 881 1204 965 (sc.
1253 882 1509 963 λιμνῶν,
1562 877 1805 944 ὑδάτων
1846 880 2099 964 θερμῶν
2141 884 2299 970 κτλ.)
2338 879 2513 970 αὐτῷ
2551 874 2717 969 χρή-

448 1014 618 1075 ματα
708 989 957 1078 προςῂει
1026 982 1230 1055 πολλὰ
1290 989 1438 1071 μηδ’
1504 988 1624 1053 {mo
1684 993 1798 1052 τοῦ
1854 988 2045 1065 Διός,
2097 985 2196 1067 ,ὥς
2250 1016 2447 1076 φησιν
2501 987 2716 1069 αὐτὸς,

449 1104 757 1185 βλαβῆναι
820 1098 1213 1183 δυναμένωνς
1286 1102 1474 1165 filium
1536 1101 1697 1165 enim
1759 1119 1886 1166 11011
1938 1103 2131 1169 solam
2209 1105 2349 1187 agri
2416 1107 2716 1177 culturam

452 1211 713 1291 docuit,
772 1209 883 1275 sed
943 1212 1232 1290 omnino,
1292 1229 1413 1294 quo
1471 1212 1658 1276 modo
1715 1229 1849 1276 rem
1905 1211 2259 1277 familiarem
2304 1221 2587 1298 augeret,
2630 1215 2714 1280 cf.

450 1321 557 1401 21,
599 1322 657 1386 8.
745 1321 979 1386 Eodem
1022 1321 1291 1389 fortasse
1330 1323 1598 1406 pertinet
1638 1320 1746 1402 25,
1780 1323 1849 1386 1:
1899 1321 2064 1406 φησί
2098 1320 2219 1405 γὰρ
2261 1323 2411 1389 δυσὶ
2446 1325 2713 1407 κεχρῆσ-

448 1434 559 1495 θαι
600 1426 819 1510 μόνοις
862 1442 1222 1513 πορισμοῖς,
1270 1433 1538 1519 γεωργίᾳ
1567 1431 1676 1495 καί
1705 1433 1928 1517 φειδοῖ,
1959 1449 2328 1514 quamquam
2357 1431 2504 1499 tolia
2536 1437 2715 1497 certo

452 1542 763 1629 contendi,
803 1549 1142 1624 nequeunt.
1183 1575 1267 1587 --
1311 1540 1545 1617 Quodsi
1601 1557 1850 1618 verum,
1918 1539 2084 1621 quod
2145 1539 2215 1606 Ο.
2262 1541 2413 1604 lahn
2458 1542 2524 1607 in
2568 1548 2713 1607 actt.

450 1653 663 1715 societ.
703 1652 815 1714 litt.
863 1649 1005 1716 Sax.
1056 1648 1226 1715 1850
1269 1669 1328 1732 p.
1392 1649 1520 1715 263
1565 1667 1695 1731 sqq.
1742 1634 1890 1712 mihix
1949 1652 2302 1732 persuasit,
2352 1652 2549 1717 libros
2593 1651 2713 1725 hos

450 1760 524 1826 ad
583 1761 854 1826 Marcum
912 1761 1095 1825 filium
1168 1778 1295 1854 uno
1367 1777 1636 1843 corpore
1710 1760 2078 1824 coniunctos
2137 1759 2333 1827 fuisse
2358 1805 2379 1840 ,
2446 1761 2714 1829 fortasse

450 1874 634 1935 etiam
689 1890 847 1959 quae
906 1872 985 1935 de
1029 1871 1287 1951 medicis
1343 1871 1596 1954 graecis
1657 1869 1808 1934 Cato
1863 1870 2105 1951 profert
2160 1869 2283 1950 23,
2339 1870 2381 1939 3
2423 1889 2520 1953 sq.
2560 1872 2711 1935 Plu·-

448 1981 695 2047 tarchus
740 2000 821 2045 ex
863 1983 998 2062 ipso
1044 1981 1271 2060 hausit,
1317 1979 1393 2047 cf.
1423 1980 1580 2047 Plin.
1626 1979 1845 2057 XXIX,
1891 1979 1956 2058 7,
2004 1978 2087 2043 14
2125 1997 2221 2062 sq.
2263 1980 2328 2060 8,
2374 1979 2491 2060 153
2536 1988 2713 2049 recte

448 2098 650 2156 autem
692 2092 847 2159 haec
887 2092 1262 2173 praeceptis,
1310 2106 1437 2153 non
1480 2088 1737 2154 carmini
1781 2087 1860 2150 de
1903 2089 2176 2153 moribus
2200 2090 2467 2166 ‚videtur
2508 2093 2709 2161 vindi-

452 2220 632 2266 casse
678 2199 905 2265 Iordan
948 2219 1094 2265 ann.
1140 2199 1237 2281 ph.
1278 2201 1320 2263 l.
1368 2218 1417 2266 ε.
1462 2218 1510 2264 s.
1561 2219 1620 2282 p.
1663 2197 1791 2264 388
1834 2205 1896 2262 et
1937 2216 2091 2264 mus.
2142 2198 2337 2265 Rhen.
2382 2202 2420 2265 1.
2464 2219 2516 2267 s.
2559 2219 2609 2268 s.
2651 2221 2709 2284 p.

451 2311 601 2391 263.
645 2346 723 2356 —
769 2311 1100 2374 Praeterea
1145 2312 1319 2373 novit
1362 2309 1721 2377 Plutarchus
1762 2309 1984 2372 librum
2026 2310 2131 2390 qui
2172 2309 2372 2379 adhuc
2416 2318 2588 2381 extat
2630 2311 2709 2381 de

450 2441 522 2486 re
566 2422 821 2500 rustica,
880 2420 1002 2499 25,
1072 2425 1138 2489 1:
1201 2444 1304 2487 και
1364 2417 1780 2483 συντέτακταί
1832 2444 1898 2503 γε
1938 2417 2186 2501 βιβλίον
2239 2416 2599 2503 γεωργικόν,
2645 2421 2711 2486 ἐν

448 2522 496 2622 ᾧ
543 2553 646 2591 και
711 2555 851 2612 περι
896 2527 1303 2594 πλακούντων
1349 2528 1686 2602 σκευασάκς
1728 2526 1833 2589 καί
1850 2551 2170 2610 τηρησεως
2205 2518 2473 2612 οπώρας
2487 2527 2707 2614 γέγρα-

453 2664 601 2727 φεν,
661 2642 730 2706 ἐν
788 2637 977 2705 παντί
1028 2635 1557 2725 φιλοτιμούμενος
1632 2660 1915 2721 περιττος
1973 2631 2130 2705 ειναι
2183 2661 2286 2703 και
2343 2634 2516 2714 ἱδιος.
2617 2641 2711 2705 De
2775 2690 2782 2695 -

461 2753 764 2834 placentis
806 2751 883 2815 cf.
929 2752 1051 2815 Cat.
1113 2750 1210 2812 de.
1266 2768 1316 2816 r.
1361 2768 1410 2813 r.
1458 2742 2008 2812 762‘P1acentam
2066 2752 2161 2813 sic
2205 2751 2428 2817 facito:
2472 2751 2707 2825 farinae

446 2853 786 2947 siligineae'
850 2868 1002 2943 cet.;
1071 2859 1148 2922 de
1211 2860 1519 2923 fructuum
1577 2861 2052 2922 conservatione
2110 2860 2187 2923 cf.
2247 2860 2375 2925 Cat.
2444 2860 2484 2937 1,
2533 2876 2590 2924 s.
2651 2877 2706 2923 Β.

448 2974 567 3041 99:
603 2969 761 3038 ‘Fici
800 2970 1012 3039 aridae
1054 2972 1110 3035 si
1154 2972 1370 3050 voles,
1415 2975 1482 3033 ut
1525 2970 1811 3052 integrae
1854 2970 2001 3049 sint,
2054 2973 2118 3045 in
2163 2990 2273 3037 vas
2319 2971 2504 3043 fictile
2544 2987 2707 3037 con-

450 3086 605 3166 dito,
650 3083 710 3148 id
754 3102 1000 3148 amurca
1058 3081 1316 3145 decocta
1378 3072 1683 3163 1111ςυίῑοῖ
1733 3112 1817 3123 -
1872 3080 2045 3164 Legit
2103 3083 2326 3158 etiam,
2381 3083 2445 3148 ni
2500 3081 2706 3162 fallor,

455 3197 778 3278 epistolam
822 3193 902 3257 ad
962 3192 1149 3257 filium
1196 3189 1599 3268 PlutarchuS,
1658 3209 1713 3251 v.
1775 3189 1903 3253 Cat.
1976 3191 2112 3252 mai.
2157 3192 2262 3269 20,
2305 3190 2364 3259 8.
2452 3192 2708 3276 Saepius

442 3312 654 3372 ‘autem
701 3307 765 3371 in
807 3304 1056 3369 Catonis
1096 3302 1344 3384 scriptis
1391 3300 1632 3364 invenit
1674 3300 1894 3365 laudes
1936 3300 2045 3365 filii
2095 3309 2483 3384 praemature
2536 3319 2712 3369 mor·

449 3417 563 3496 tui,
605 3413 713 3496 24,
757 3415 817 3480 6.

641 3526 969 3595 Annaliun·
1033 3523 1099 3588 C.
1156 3521 1347 3589 Acilii
1406 3522 1774 3585 Glabrionis
1828 3523 2055 3585 mentio
2114 3523 2181 3587 fit
2226 3522 2398 3589 Rom.
2452 3521 2574 3602 21,
2631 3525 2703 3589 7:

448 3637 639 3712 Γάιος
695 3634 764 3700 δὲ
820 3632 1096 3706 Ακίλιος
1140 3629 1386 3714 ἱστορεῖ
1418 3632 1538 3712 πρό
1602 3627 1711 3710 τῆς
1773 3631 2031 3706 κτίσεως
2073 3628 2150 3697 τὰ
2207 3632 2544 3715 θρέμματα
2585 3635 2706 3699 τῶν

653 3908 711 3976 1)
746 3908 886 3960 Hanc
919 3910 1218 3963 sententiam
1256 3925 1561 3978 quamquam
1601 3909 1803 3963 O.1abn
1839 3916 1960 3963 actt.
1996 3909 2177 3961 societ.
2214 3907 2304 3960 litt.
2345 3906 2533 3959 Saxon.
2577 3902 2706 3960 1850

448 4020 500 4072 p.
535 4002 671 4067 269,
727 4003 932 4055 Boeckh
982 4012 1101 4057 actt.
1140 4005 1281 4056 acad.
1320 4003 1487 4056 Berol.
1531 4006 1663 4058 1854
1696 4020 1743 4069 p.
1782 4000 1883 4058 282
1903 3999 1928 4066 ,Ψ
1962 4002 2149 4054 Ritecht
2197 4017 2340 4067 poen.
2384 4001 2487 4053 Sat.
2526 3999 2685 4067 spicil.

449 4116 500 4168 p.
535 4099 608 4164 11,
644 4097 729 4153 alii
763 4098 971 4149 carmini
1007 4098 1072 4150 de
1103 4098 1330 4149 moribus
1366 4099 1665 4161 tribuerunt,
1701 4107 1868 4162 tamen
1890 4097 2107 4150 Iordano
2137 4097 2388 4153 assentior
2419 4094 2701 4163 praeceptis
2811 4116 2812 4123 ¹

447 4208 556 4246 eam
594 4193 832 4247 tribuenti
866 4209 993 4246 mus.
1029 4192 1184 4248 Rhen.
1217 4209 1338 4247 nov.
1378 4193 1487 4244 XIV
1529 4209 1581 4261 p.
1618 4193 1737 4246 264.
1772 4192 1878 4245 Cat.
1918 4205 2047 4260 quae
2083 4199 2180 4245 ext„
2218 4190 2251 4243 Ι.
2288 4208 2327 4242 s.
2363 4207 2406 4244 s.
