2967 4992
1180 303 1604 370 ...η-

260 474 465 555 vendi,
511 494 582 538 ea
630 475 685 538 si
728 475 959 538 inutilia
985 467 1169 538 'facta
1215 478 1340 539 sint
1376 477 1440 554 4,
1485 477 1530 539 4
1574 483 1637 539 et
1680 474 1743 554 5,
1787 475 1844 539 6.
1930 475 2056 539 Res
2103 495 2137 540 a
2182 492 2253 542 se
2299 480 2360 542 in
2403 480 2518 543 Hi-

261 586 475 668 spania
530 590 740 668 gestas
801 584 1013 648 laudat
1059 584 1176 663 10,
1223 585 1281 650 3.
1367 587 1524 650 Num
1577 604 1674 665 ea,
1719 577 1878 665 quae
1932 587 2228 671 leguntur
2286 590 2399 670 12,
2443 593 2514 659 5:
2587 653 2598 658 ,
2703 630 2708 633 -

257 690 589 772 θαυμάσαι
620 691 690 756 δέ
729 716 888 777 φησι
917 692 1063 767 τοὺς
1103 686 1482 789 Ἀθηναιους
1530 701 1657 758 κτλ.
1700 716 1778 759 ex
1825 698 1960 778 ipso
2005 699 2242 764 Catone
2286 703 2520 767 referat
2640 719 2652 735 ²

264 788 667 882 Plutarchus,⁴
701 805 925 886 ambigi
956 810 1184 885 potest.
1245 804 1395 867 Nam
1442 824 1581 868 cum
1628 814 1808 870 antea
1853 815 2162 872 narratum
2206 814 2309 892 sit,
2354 832 2519 894 quo-

258 909 448 976 modo
494 911 649 977 Cato
678 913 966 975 Albinum
1015 931 1247 996 graece
1288 916 1662 978 scribentem
1696 919 2132 998 vituperasset,
2175 924 2341 1002 φησί
2366 944 2517 990 ver-

259 1024 401 1085 bnm
458 1037 574 1104 pro
645 1024 985 1104 praeterito
1058 1028 1338 1105 tempore
1411 1027 1675 1105 positum
1748 1029 2089 1092 orationem
2152 1035 2519 1102 continuare

256 1130 466 1213 potest
479 1151 500 1207 ;
545 1138 670 1196 tum
717 1149 844 1195 non
885 1149 966 1194 ex
1009 1134 1148 1214 ipsa
1193 1133 1447 1197 Catonis
1512 1137 1801 1200 oratione
1860 1139 2013 1202 haec
2067 1140 2416 1226 fluxissent,
2461 1150 2517 1212 si
2583 1204 2584 1207 ,

258 1241 506 1324 quidem
550 1258 679 1306 non
736 1249 835 1304 est
883 1259 1036 1304 vero
1081 1243 1302 1322 simile,
1348 1245 1506 1307 hanc
1551 1248 1896 1311 orationem
1953 1253 2245 1333 scriptam
2300 1254 2514 1322 fuisse.

260 1351 407 1417 Alio
449 1358 652 1415 tamen
700 1352 841 1413 ioco
878 1351 1172 1416 Catonem
1217 1354 1352 1429 hoc,
1377 1355 1612 1418 dixisse
1644 1359 2026 1437 probabilius
2068 1364 2215 1444 mihi,
2246 1367 2517 1448 videtur,

262 1474 403 1524 cnm
460 1465 819 1541 praesertim
877 1463 1167 1544 Polybius
1226 1483 1281 1545 p.
1345 1465 1512 1531 1169
1570 1485 1663 1548 sq.
1716 1468 1840 1550 (ed.
1896 1470 2197 1555 Bekker),
2252 1480 2359 1559 qui
2415 1481 2517 1544 ilia

264 1568 344 1634 de
372 1571 602 1635 Albino
649 1578 884 1649 narrat,
925 1573 1142 1635 horum
1187 1575 1334 1639 nihil
1376 1577 1613 1655 prodat.
1692 1579 1984 1644 Fortasse
2024 1583 2179 1648 haec
2225 1588 2303 1649 de
2341 1607 2522 1668 prae-

259 1683 488 1745 stantia
523 1682 698 1744 latini
738 1677 1046 1747 sermonis
1094 1683 1388 1748 disseruit
1446 1687 1507 1748 in
1568 1687 1726 1751 libro
1784 1692 2051 1771 quodam
2110 1696 2187 1757 ad
2244 1695 2517 1764 Marcum

260 1792 455 1855 filiu-m
500 1791 732 1871 scripto
777 1791 1115 1871 rhetorico,
1161 1793 1237 1857 cf.
1270 1795 1418 1860 Plio.
1467 1796 1520 1859 h.
1569 1816 1627 1862 n.
1662 1799 1884 1880 XXIX,
1918 1803 1980 1882 7,
2015 1803 2095 1866 14
2121 1823 2246 1887 sq.:
2279 1801 2517 1873 ‘Dicam

270 1900 348 1966 de
391 1902 528 1964 istis
564 1899 816 1963 Graecis
861 1920 980 1966 suo
1024 1904 1201 1982 loco,
1233 1905 1441 1970 Marce
1486 1907 1606 1982 fili3
1650 1909 1800 1989 quid
1831 1911 2094 1976 Athenis
2142 1919 2517 1998 exquisitum

265 2003 541 2077 habeam’
584 2018 702 2074 cet.
768 2012 980 2077 Eidem
1030 2013 1208 2092 libro,
1255 2016 1307 2077 si
1350 2018 1502 2096 quid
1535 2019 1739 2101 video,
1788 2023 2118 2088 tribuenda
2149 2037 2313 2108 sunt,
2359 2049 2524 2112 quae.
2637 2058 2644 2061 Δ

258 2114 522 2207 legimus
565 2119 729 2203 apud
761 2123 1150 2187 Plutarchum
1197 2125 1303 2206 23,
1349 2127 1424 2192 2:
1470 2131 1582 2193 τὸν
1626 2129 1696 2192 δὲ
1739 2132 1931 2194 παῖδα
1969 2133 2327 2214 διαβάλλων
2356 2144 2517 2224 πρὸς
2619 2173 2627 2181 ·

259 2235 338 2295 τὰ
370 2229 700 2314 Ἑλληνικὰ
745 2237 922 2320 φωνῇ
976 2233 1269 2320 κέχρηται
1320 2238 1686 2325 θρασυτέρᾳ
1739 2240 1860 2302 τοῦ
1907 2243 2135 2328 γήρως,
2181 2241 2316 2311 οἷον
2358 2250 2516 2315 ἁπο-

257 2341 573 2421 θεσπίζων
621 2339 730 2403 καί
772 2338 1217 2428 προμαντεύων
1262 2343 1362 2419 ὥς·
1394 2345 1714 2409 ἀπολοῦσι
1730 2345 2032 2430 Ῥωμαῖοι
2075 2356 2151 2417 τοὶ
2185 2356 2517 2440 πράγματα

257 2448 644 2534 γραμμάτων
676 2447 1053 2532 Ἑλληνικῶν
1095 2447 1634 2538 ἀναπλησθέντες,
1682 2465 1743 2522 et
1785 2479 1940 2541 quae
1986 2465 2203 2530 ibidem
2250 2472 2329 2532 de
2375 2472 2515 2538 Iso-

260 2563 792 2628 cratis.docttina
849 2564 1066 2626 iocose
1125 2563 1431 2631 dicuntur.
1487 2601 1570 2612 --
1625 2570 2163 2657 Thermopylensis
2222 2582 2516 2649 victoriae

259 2674 892 2738 contra-Antiochum
934 2675 1052 2738 sibi
1094 2676 1353 2738 maxima
1412 2695 1496 2740 ex
1538 2663 1713 2760 parte
1774 2685 2053 2747 meritum
2098 2689 2366 2755 vindicat
2414 2695 2515 2776 14,

261 2780 303 2847 3
321 2804 341 2861 ;
405 2785 732 2849 virtutibus
792 2790 855 2849 et
913 2785 1154 2849 honore
1214 2804 1250 2848 a
1302 2794 1522 2850 senatu
1578 2792 1694 2852 sibi
1754 2793 1959 2858 habito
2005 2798 2311 2878 gloriatur
2357 2805 2511 2889 9,,5.

259 2891 326 2969 6,
391 2890 758 2959 educatione
817 2895 922 2957 filii
982 2894 1104 2974 20,
1144 2899 1201 2962 5.
1310 2897 1402 2965 Ex
1449 2900 1609 2971 libro
1664 2904 1869 2983 aliquo
1926 2905 2184 2972 affertur
2232 2912 2511 2997 Compar.

260 3001 516 3066 Arristid.
577 3011 640 3066 et
697 3004 829 3067 Cat.
870 3003 948 3088 25,
1012 3005 1052 3069 2
1110 3001 1181 3065 τὸ
1246 3007 1516 3070 ἐπαινεῖν
1570 3008 1763 3072 αὑτὸν
1814 3007 2015 3091 ὥςπερ
2073 3020 2143 3078 τὸ
2205 3022 2515 3103 λοιδορεῖν

258 3100 496 3171 gronov
539 3102 712 3180 δῖναι,

435 3221 664 3296 Quibus
721 3225 1011 3306 qnodque
1073 3227 1293 3300 horum
1338 3231 1584 3313 scriptis
1631 3231 2048 3318 depromptum
2093 3241 2175 3303 sit
2218 3259 2344 3308 non
2391 3264 2511 3309 au-

256 3328 378 3392 deo
425 3330 772 3396 diiudicare
787 3355 807 3412 ;
852 3337 1033 3400 nimis
1077 3341 1237 3401 enim
1282 3340 1543 3404 fluctuat
1583 3334 1894 3411 iudicium.
1982 3349 2060 3412 Ut
2103 3370 2227 3416 uno
2276 3362 2510 3419 tantum
2547 3363 2560 3376 '

254 3442 541 3523 exemplo
601 3451 777 3526 utar,
838 3464 1003 3528 quae
1059 3449 1139 3528 4,
1199 3449 1257 3514 3.
1314 3451 1358 3514 4
1416 3471 1452 3514 a
1512 3453 1747 3517 Catone
1816 3455 2105 3524 dicuntur
2173 3471 2512 3543 potuerunt

256 3549 524 3630 proferri
578 3553 643 3616 in
694 3557 1084 3624 orationibus
1143 3558 1222 3622 de
1264 3569 1542 3643 sumptu,
1603 3564 1682 3627 de
1738 3567 1865 3629 suis
1916 3570 2245 3634 virtutibus
2291 3584 2508 3640 contra

255 3661 602 3741 Thermum,
645 3667 708 3727 in
756 3670 1104 3733 orationum
1148 3675 1573 3737 censoriarum
1616 3694 1734 3739 una
1781 3679 2069 3744 alterave.

427 3773 674 3837 Certius
720 3778 1033 3859 aliquanto
1086 3783 1377 3845 iudicium
1431 3787 1717 3849 habemus
1766 3791 1843 3851 de
1883 3790 2093 3869 21,8:
2140 3793 2509 3876 προτρέπων

251 3882 321 3944 δὲ
364 3882 477 3946 τᾶν
519 3881 663 3947 υἱὸν
705 3885 814 3949 ἐπὶ
865 3880 1061 3951 ταῦτά
1107 3914 1296 3974 φησιν
1339 3891 1454 3956 οὐκ
1500 3891 1727 3973 ἀνδρὸς
1772 3894 1935 3960 ἀλλὰ
1968 3899 2172 3982 χήρας
2214 3904 2508 3981 γυναικὸς

253 3985 411 4053 εἶναι
452 3991 523 4058 τὸ
569 3997 856 4075 μειῶσαί
888 4021 949 4060 τι
990 4000 1116 4087 τῶν
1171 3998 1618 4086 ὑπαρχόντων,
1680 4027 1834 4089 quae
1890 4013 2077 4074 verba
2113 4013 2503 4096 *fragmentis

252 4100 331 4164 de
371 4108 509 4186 agri
553 4109 794 4173 cultura
841 4111 918 4174 ad
961 4111 1143 4174 filium
1189 4124 1365 4176 recte
1421 4115 1662 4180 videtur
1721 4120 2061 4184 inseruisse
2105 4123 2327 4185 lordan
2375 4124 2505 4187 Cat.

251 4230 417 4295 quae
475 4223 598 4281 ext,
641 4238 696 4301 p.
740 4220 839 4286 79.
929 4222 1020 4286 Ex
1091 4223 1305 4287 eodem
1369 4227 1528 4293 libro
1578 4247 1728 4294 vero
1787 4231 1984 4295 simile
2032 4240 2127 4295 est
2169 4235 2503 4314 sumpsisse

2057 4345 2096 4409 2
