2967 4992
1347 253 1772 320 ...24....

427 433 548 489 tem
609 424 711 489 die
763 425 1023 504 finierat,
1070 427 1230 491 Plut.
1273 426 1424 491 sun.
1474 425 1580 503 37,
1634 427 1690 490 1.
1779 426 2042 491 Lucullo
2105 427 2223 490 hos
2266 423 2701 505 dedicaverat,

428 541 492 599 ut
551 535 825 599 videmus
892 553 971 598 ex
1031 536 1180 599 Plut.
1226 536 1372 603 Sull.
1416 537 1482 613 6,
1540 537 1605 613 6,
1651 537 1877 601 Lucull.
1928 537 1987 616 1,
2032 537 2092 602 3.
2134 537 2201 616 4,
2241 536 2305 615 4,
2362 536 2702 604 blanditias

428 643 504 708 de
548 646 684 709 eius
728 647 983 730 ingenio
1030 653 1093 709 et
1139 644 1420 711 doctrina
1465 647 1721 711 addens.
1764 682 1848 692 —
1894 648 2055 712 Usus
2114 654 2319 711 autem
2385 655 2485 711 est
2528 649 2698 712 Plu-

426 756 679 819 tarchus
721 755 994 822 Sullanis
1039 757 1218 823 libris
1268 757 1417 822 liar.
1463 755 1586 836 25,
1631 757 1674 821 4
1718 757 1780 820 in
1826 756 2246 842 descriptione
2305 758 2461 822 aciei
2523 760 2695 841 apud

424 865 741 931 Vercellas
795 866 1029 931 factae.
1097 865 1428 946 πεοιέσχον
1494 864 1563 926 δὲ
1638 867 1749 928 τόν
1805 864 2065 931 Κάτλον
2119 867 2238 950 (sc.
2298 863 2359 928 οἱ
2414 868 2696 948 Μαρίου

424 973 827 1059 στρατιῶται)
872 973 941 1037 ἐν
981 972 1159 1059 μέσῳ
1199 972 1565 1054 νεμηθέντες
1606 996 1730 1048 εις
1759 967 2071 1056 ἑκάτερον
2092 973 2186 1038 κέ
2170 998 2315 1057 ιας,
2381 969 2468 1050 ὥς
2510 971 2694 1043 Σύλ-

427 1083 576 1159 λας,
621 1076 1044 1164 ἠγωνισμένος
1087 1078 1324 1161 ἐκείνην
1362 1078 1476 1160 τὴν
1515 1080 1768 1163 μάχην,
1820 1080 2109 1166 γέγραφε.
2212 1084 2402 1149 Addit
2457 1085 2692 1149 deiude

427 1192 814 1271 Plutarchus„
861 1211 977 1259 cur
1019 1194 1113 1257 sic
1153 1195 1347 1257 aciem
1393 1194 1756 1256 instruxerit
1800 1194 2054 1271 Marius,
2098 1196 2311 1259 verbis
2355 1193 2474 1254 καί
2503 1216 2691 1277 φασι,

422 1321 581 1385 quae
643 1311 819 1368 recte
877 1304 1125 1368 videtur
1167 1304 1446 1387 Bryanus
1512 1311 1786 1367 mutasse
1831 1309 1895 1366 in
1942 1299 2054 1364 καί
2091 1324 2287 1386 φησι,
2346 1306 2401 1369 si
2442 1304 2691 1386 quidem

425 1412 677 1492 Sullam,
735 1433 893 1496 quae
943 1421 1077 1477 erat
1120 1414 1553 1476 malevolentia
1595 1414 1658 1476 in
1704 1414 1996 1492 Marium,
2041 1414 2178 1478 illas
2221 1416 2693 1479 criminationes

424 1523 733 1588 adiecisse
798 1525 1103 1604 suspicari
1149 1530 1639 1587 consentaneum
1704 1531 1816 1587 est.
1860 1557 1946 1571 —
1990 1524 2271 1588 Eundem
2318 1525 2689 1591 Plutarchus

423 1635 706 1714 sequitur
752 1641 1075 1704 auctorem
1122 1634 1183 1695 in
1221 1633 1642 1721 descriptione
1681 1635 1878 1713 ipsius
1912 1653 2177 1718 pugnae,
2224 1654 2366 1698 nam
2412 1636 2507 1698 bis
2553 1654 2694 1699 eum

423 1744 699 1809 nominat
740 1744 890 1809 Mar.
929 1743 1035 1823 26,
1078 1742 1136 1808 3.
1230 1743 1325 1807 Ab
1381 1744 1643 1806 aliorum
1704 1745 2077 1827 scriptorum
2140 1746 2534 1827 expositione
2575 1764 2694 1810 re-

425 1854 681 1931 cedenS,
730 1855 832 1936 qui
874 1873 1011 1918 eum
1055 1855 1383 1918 consulem
1431 1855 1494 1917 in
1540 1854 1716 1917 Marii
1785 1853 2029 1925 donnum
2076 1856 2437 1939 confugisse
2481 1855 2696 1922 trade-

424 1968 594 2047 bant,
639 1964 804 2032 Sulla
849 1984 884 2029 a
918 1967 1192 2047 Sulpicio
1245 1984 1321 2029 eo
1367 1983 1439 2028 se
1484 1973 1680 2029 actum
1714 1983 1855 2028 esse
1886 1973 2272 2045 narraverat,
2318 1966 2468 2029 Mar.
2496 1963 2603 2045 35,
2627 1965 2689 2030 3.

426 2078 571 2143 Sull.
613 2076 678 2154 4,
724 2074 764 2140 3
808 2077 941 2158 ipse
995 2077 1160 2140 Sulla
1208 2082 1426 2139 auctor
1471 2082 1587 2154 est,
1632 2076 1888 2140 Marium
1936 2095 1970 2138 a
2018 2093 2089 2138 se
2138 2076 2539 2139 vehementer
2583 2095 2694 2141 ve-

423 2195 631 2252 xatum
674 2204 849 2264 esse3
917 2204 989 2248 se
1034 2187 1233 2268 ipsum
1284 2187 1481 2263 enim,
1556 2187 1664 2266 qui,
1697 2188 1792 2249 rei
1842 2187 2281 2251 frumentariae
2318 2188 2433 2252 sub
2478 2187 2692 2251 Catulo

422 2298 816 2381 praefuisset,
862 2305 1090 2360 tantam
1142 2297 1381 2379 copiam
1429 2297 1738 2375 attulisse,
1785 2303 1876 2376 ut,
1927 2297 2067 2360 dum
2114 2297 2315 2361 Catuli
2359 2299 2584 2361 milites
2627 2299 2691 2361 in
2777 2296 2780 2297 ⁷

423 2409 794 2491 abundantia
835 2410 1143 2486 viverent,
1184 2408 1369 2473 etiam
1415 2406 1710 2470 Marianis
1757 2406 2077 2471 donasset.
2163 2408 2431 2471 Causam
2472 2409 2691 2489 repul-

422 2649 632 2695 rarum
690 2647 936 2715 pugnas
996 2627 1250 2719 videndi
1303 2630 1517 2692 tribuit
1577 2629 1727 2692 Plut.
1780 2629 1936 2694 Sull.
1995 2628 2182 2707 5,1;
2245 2636 2452 2693 notam
2522 2629 2684 2691 enim

331 2801 337 2807 .
421 2741 618 2807 fuisse
662 2741 1020 2820 amicitiam,
1053 2757 1212 2821 quae
1256 2741 1420 2803 inter
1464 2759 1538 2804 se
1582 2748 1644 2804 et
1671 2738 1947 2802 Bochum
1977 2739 2457 2817 intercessisset,
2499 2736 2676 2800 ideo-

421 2870 545 2936 que
589 2852 879 2934 populum
938 2850 1206 2936 aedilem
1259 2868 1332 2913 se
1392 2868 1573 2932 quam
1627 2857 1982 2930 praetorem
2029 2851 2338 2914 maluisse.
2423 2848 2567 2915 Suu.
2613 2849 2679 2928 6,

419 2964 462 3031 5
504 2983 637 3046 sqq.
713 2961 1074 3028 Plutarchus
1121 2961 1394 3026 ostendit
1438 2980 1518 3023 ex
1561 2960 1769 3027 Sullae
1812 2962 2100 3043 scriptis,
2176 2958 2679 3042 quemadmodum

418 3076 473 3140 is
515 3092 730 3141 omnes
774 3091 879 3136 res
927 3072 1004 3135 ad
1042 3071 1350 3134 fortunam
1392 3072 1740 3147 rettulerit3
1784 3071 2043 3134 Lucullo
2074 3089 2326 3154 quoque
2366 3090 2507 3135 eum
2538 3090 2678 3152 per-

401 3168 730 3263 suasisse,
772 3189 842 3245 ut
885 3181 1039 3246 nihil
1079 3186 1198 3243 tam
1241 3181 1475 3244 firmum
1519 3181 1832 3260 crederet,
1877 3201 2055 3263 quam
2087 3182 2256 3263 quod
2288 3183 2443 3248 deus
2489 3189 2678 3247 noctu

417 3299 661 3363 iuberet
704 3293 813 3377 (cf.
857 3293 1091 3356 Lucull.
1132 3291 1244 3370 223,
1288 3288 1393 3373 6);
1453 3309 1715 3373 cumque
1777 3293 1939 3356 bello
1987 3294 2253 3357 Marsico
2300 3293 2678 3357 declaratum

419 3415 591 3474 esset
632 3412 907 3483 ostento,
954 3403 1150 3466 virum
1195 3403 1422 3468 bonum
1468 3404 1681 3485 specie
1721 3404 2029 3488 singulari
2071 3411 2434 3484 praesentes
2471 3404 2675 3467 turbas

418 3522 493 3586 ab
538 3519 694 3584 urbe
741 3515 1138 3598 depulsurum
1164 3559 1183 3594 ,
1249 3532 1322 3577 se
1377 3513 1723 3597 significari
1778 3490 2008 3579 dixisse
2066 3516 2318 3582 Sullam.
2405 3508 2679 3580 Athena-

416 3649 553 3696 rum
620 3627 1135 3713 expugnationem
1204 3623 1571 3688 describens
1632 3625 1998 3690 Plutarchus
2072 3646 2151 3690 ex
2218 3626 2392 3694 Sulla
2456 3628 2678 3708 repetit

420 3740 1066 3807 commemorationem
1111 3736 1188 3802 Μ.
1234 3734 1411 3814 Atei,
1487 3737 1593 3817 qui
1656 3737 1887 3816 primus
1945 3755 2180 3801 murum
2242 3737 2679 3801 conscenderit

419 3853 633 3935 ibique
677 3867 914 3914 summa
957 3866 1094 3912 cum
1141 3847 1371 3910 virtute
1419 3848 1850 3928 permanserit,
1896 3856 1958 3910 et
2001 3848 2131 3913 Kal.
2179 3847 2354 3913 Mart.
2398 3848 2673 3912 Athenas

418 3981 561 4028 esse
605 3966 1005 4045 expugnatas.
1054 3959 1158 4038 16,
1207 3959 1237 4022 1
1291 3958 1456 4022 Sulla
1503 3958 1679 4035 collis
1720 3956 2066 4037 cuiusdam,
2108 3977 2284 4040 quem
2333 3958 2393 4019 in
2422 3957 2675 4021 Boeotia

419 4073 639 4138 castris
699 4071 1026 4149 instruxit,
1088 4077 1370 4157 naturam
1428 4075 1495 4132 et
1548 4071 1730 4133 situm
1797 4067 2023 4132 laudat.
2116 4069 2184 4132 In
2232 4067 2470 4132 decimo
2517 4068 2673 4132 libro

423 4170 758 4299 oraculum
789 4203 824 4247 a
869 4182 1224 4265 'l'rophonio
1269 4183 1390 4247 sibi
1437 4181 1638 4245 datum
1685 4183 1993 4264 exposuit,
2038 4181 2192 4248 Sull.
2240 4181 2345 4259 17,
2395 4181 2451 4246 1.
2535 4180 2676 4244 Post
