2967 4992
1199 264 1624 330 ...29-

277 438 456 504 colae
498 439 759 522 gloriam
806 436 1165 516 extollendi,
1217 445 1322 501 aut
1391 445 1512 501 tam
1559 445 1700 502 sunt.
1742 438 2117 521 singularia,
2173 445 2243 500 ut
2287 440 2387 501 vix
2432 439 2549 501 ali-

276 550 444 613 unde
487 550 723 613 hauriri
786 548 1100 628 potuerint
1163 548 1280 610 nisi
1342 566 1419 610 ex
1456 548 1747 614 Valeriae
1809 550 2014 631 gentis
2062 550 2536 612 commentariis.

275 663 375 726 Sic
422 660 663 738 omnia,
717 676 874 740 quae
915 677 952 720 a
1014 658 1339 721 Plutarcho
1385 656 1615 741 Poplic.
1660 661 1702 725 2
1748 657 1825 720 de
1868 657 2120 721 Valerio
2185 665 2539 737 narrantur,

279 786 545 852 quor-um
589 771 740 833 nihil
786 769 943 851 apud
989 775 1239 831 ceteros
1289 769 1623 832 historicos
1669 776 1902 846 extat,-
1935 769 2102 833 haud
2169 769 2354 833 dubie
2399 770 2539 831 An-

278 882 410 943 tiati
473 880 798 943 debentur.
888 878 1043 942 Nam
1094 879 1178 940 ibi
1216 879 1662 960 persequitur„
1711 878 2118 961 Poplicolam‚
2181 897 2318 942 cum
2360 880 2537 942 initio

278 993 475 1053 iratus
504 990 757 1068 -fuisset,
800 990 945 1070 quia
987 1005 1111 1051 non
1159 990 1293 1068 ipse
1338 1005 1451 1067 pro
1486 988 1790 1052 Collatino
1836 988 2061 1052 consul
2103 989 2539 1063 factusesset,

282 1107 504 1164 senatu
532 1117 603 1163 se
632 1099 1030 1176 abstinuisse,
1075 1105 1198 1161 tum
1246 1115 1396 1162 vero
1425 1099 1623 1161 Bruto
1666 1106 1925 1165 auctore
1967 1103 2224 1180 primum
2272 1101 2537 1163 omnium

278 1213 547 1290 iurasse,
592 1211 746 1273 nihil
789 1227 860 1275 se
903 1209 1250 1289 Tarquiniis
1297 1225 1620 1272 cessurum
1641 1255 1659 1287 ‚
1703 1208 1816 1270 sed
1861 1226 2108 1290 semper
2164 1216 2382 1271 contra
2427 1226 2540 1273 eos

279 1329 731 1406 pugnaturum,
797 1308 1056 1400 eamque
1100 1318 1281 1381 iidem
1325 1319 1530 1382 statim
1582 1336 1655 1380 re
1697 1319 1830 1399 ipsa
1876 1318 2154 1382 firmasse
2167 1340 2187 1397 ;
2250 1337 2389 1382 nam
2446 1320 2540 1383 le-

178 1444 181 1447 ·
278 1434 429 1517 gati—
451 1451 487 1495 a
530 1431 864 1513 Tarquinio
935 1428 1104 1493 missi
1147 1429 1450 1492 Valerium
1516 1430 1886 1510 impetrasse
1947 1435 2165 1503 contra
2211 1430 2536 1493 consulum

281 1544 725 1608 voluntatatem
780 1558 860 1602 ne
919 1540 995 1602 ad
1038 1540 1299 1602 comitia
1367 1538 1856 1603 admitterentur.
1897 1562 1982 1583 ⁴—
2022 1539 2266 1603 Deinde
2320 1542 2539 1605 coniu-

270 1654 575 1718 rationem
622 1650 943 1720 Vindicius
1009 1628 1234 1711 servus
1276 1665 1406 1712 non
1435 1694 1453 1726 ,
1527 1656 1592 1712 ut
1633 1667 1734 1731 ap.
1779 1649 1916 1713 Liv.-
1950 1650 2028 1727 11,
2070 1649 2135 1729 4,
2182 1651 2537 1716 consulibus

275 1762 486 1846 prodit
540 1759 1058 1841 sed=Poplicolae
1086 1776 1212 1840 ΛΨ.
1262 1759 1414 1823 Plut.
1463 1760 1630 1842 Popl.
1676 1757 1717 1823 5
1777 1760 1858 1825 cf.
1915 1760 2173 1843 Dionys
2218 1763 2287 1837 V,
2335 1763 2410 1838 7;
2476 1771 2539 1826 et

278 1874 721 1953 coniuratione
784 1879 1083 1952 oppressa
1127 1870 1441 1949 Poplicola
1487 1869 1773 1932 Vindicio
1830 1871 2089 1953 gratiam
2145 1872 2341 1936 refert
2384 1873 2538 1939 Plut.

272 1985 337 2064 7,
381 1982 443 2064 5,
489 1985 669 2047 ambo
712 1983 1007 2046 consules
1052 1998 1146 2061 ap.
1192 1979 1449 2060 Dionys.
1487 1980 1564 2059 V,
1612 1979 1694 2044 13
1708 1981 2009 2059 ;-·nullum
2049 1998 2273 2045 nomen
2330 1984 2539 2048 Livius

272 2096 526 2158 exhibet
569 2096 646 2174 ΙΙ,
689 2092 749 2160 5.
790 2124 875 2140 --
917 2093 1164 2171 AntiaS‚
1210 2093 1288 2153 ni·
1319 2090 1543 2173 fallor,
1583 2134 1594 2147 ,ι
1614 2099 1833 2154 auctor
1880 2093 2386 2158 erat-Plutarcho
2438 2091 2539 2174 12,

273 2206 339 2286 2,
385 2225 421 2270 a
465 2205 780 2288 Poplicola
812 2204 938 2267 duo
985 2204 1627 2284 quaestoresaerarii
1658 2209 1926 2267 creatos·
1953 2220 2095 2266 esse
2118 2201 2538 2285 ¹)zipsumque

271 2317 581 2380 aerarium
610 2317 705 2380 ab
750 2315 969 2379 eodem
989 2315 1066 2376 in
1097 2312 1342 2379 Saturni
1375 2314 1602 2394 templo
1634 2312 1920 2395 positum.
1969 2346 2055 2359 —-
2099 2315 2248 2377 Tum
2273 2332 2538 2398 magnae

271 2433 416 2491 sunt
458 2434 667 2509 partes
711 2413 1168 2509 Poplicolaeain
1211 2424 1413 2506 Appio
1461 2421 2262 2503 Claudiolcommovendo,
2302 2431 2368 2489 ut
2411 2426 2537 2489 Ro-

273 2556 431 2601 mam
488 2538 694 2601 veniat
750 2553 848 2617 ap.
893 2535 1050 2599 Plut.
1093 2533 1201 2612 21,
1244 2534 1323 2612 4,
1380 2551 1504 2615 qua
1575 2534 1654 2596 de
1711 2552 1784 2596 re
1841 2534 1996 2598 nihil
2055 2535 2304 2598 omnino
2350 2536 2532 2601 Dion.

281 2649 355 2728 V,
394 2645 1082 2725 40-nec.Liv.'ll,·16.
1168 2686 1174 2692 -

455 2758 803 2822 Occasione
845 2761 1048 2819 autem
1095 2756 1323 2819 oblata
1355 2754 1647 2820 iniustum
1706 2756 1938 2820 crimen
1996 2774 2032 2820 a
2075 2757 2451 2840 Kiesslingio
2497 2757 2534 2822 1.

277 2886 329 2933 s.
376 2886 425 2932 s.
470 2889 546 2952 p.‹
585 2869 688 2933 37=
708 2868 1035 2932 Plutarcho
1092 2867 1397 2930 obiectum
1451 2866 1749 2934 refellam.
1851 2867 2185 2950 Dionysius
2244 2868 2406 2933 enim
2460 2869 2534 2947 V,
2635 2906 2641 2912 -

278 2976 370 3042 35
415 2977 496 3040 de
539 2984 736 3041 statua
804 2978 1083 3057 equestri
1128 2976 1427 3040 Cloeliae·
1455 2983 1564 3041 aut
1606 2977 1895 3041 Valeriae
1937 2964 2201 3058 loquens
2233 2979 2338 3040 -sic
2383 2995 2536 3060 per-

278 3089 400 3171 git:
459 3084 693 3166 ταύτην
748 3081 928 3170 ἡμεῖς
981 3085 1103 3167 μὲν
1169 3081 1380 3150 οὗκέτι
1422 3086 1708 3168 κειμένην
1764 3082 2061 3168 εὕρομεν,
2116 3089 2339 3168 quibus
2393 3106 2534 3152 oum

277 3198 489 3261 verbis
534 3198 894 3279 conspirant
937 3187 1168 3261 Plinius
1213 3197 1486 3276 XXXIV,
1532 3197 1596 3278 6,
1625 3197 1744 3262 -29’
1766 3203 1829 3260 et
1862 3197 2071 3263 Livias
2116 3197 2340 3277 11513.
2410 3199 2536 3263 Ita-

276 3325 401 3390 que
439 3308 758 3392 Kiessling
797 3308 999 3371 simile
1043 3326 1198 3371 vero
1245 3305 1432 3387 ducit,
1473 3306 1863 3371 Plutarchum
1885 3306 2151 3372 Antiatis
2197 3311 2534 3374 auctorita-

277 3426 398 3481 tem
457 3421 635 3501 sequi
695 3438 876 3501 quam
933 3421 1135 3501 ipsum
1189 3419 1476 3501 cogitare
1545 3419 1857 3495 maluisse,
1916 3420 2140 3502 quippe
2200 3422 2302 3502 qui
2366 3422 2534 3483 scr-i-

274 3532 504 3612 psisset
559 3530 726 3611 Popl.
775 3532 879 3609 19,
924 3528 998 3595 5:
1055 3527 1375 3591 ἀνάκειται·
1423 3524 1683 3610 ἀνδριὰς
1726 3523 1958 3609 αὖτῆςμ
2053 3531 2179 3595 Sed
2237 3529 2531 3594 hahemus

276 3640 397 3705 duo
444 3648 769 3721 praeterea
796 3648 1074 3704 veterum
1118 3642 1491 3719 testimonia,
1535 3647 1676 3722 post
1697 3640 1978 3724 Dionysii
2024 3643 2209 3704 etiam
2253 3651 2560 3724 tempora

275 3752 338 3813 in
383 3768 565 3814 sacra
611 3751 708 3812 via
749 3750 944 3814 fuisse
989 3751 1149 3814 hanc
1193 3756 1492 3829 statuam,
1544 3750 1820 3815 Senecae
1865 3751 2213 3833 philosophi
2269 3760 2332 3814 et
2374 3753 2531 3818 Ser-

278 3862 376 3923 vii.
488 3863 763 3941 Quorum
820 3863 994 3943 prior
1048 3862 1203 3924 haec
1258 3863 1448 3925 verba
1521 3861 1670 3925 facit
1727 3864 1964 3927 consol.
2024 3863 2099 3926 ad
2158 3862 2351 3927 Marc.
2416 3862 2528 3926 16:

271 3951 573 4052 ‘equestri
618 3973 896 4037 insidens
939 3978 1175 4036 statuae
1218 3973 1281 4035 in
1327 3990 1508 4036 sacra
1554 3975 1682 4053 via,
1726 3969 2134 4038 celeberrimo
2172 3976 2315 4047 loco
2348 3974 2531 4037 Cloe-

476 4191 531 4260 1)
564 4193 642 4249 Cf.
679 4194 920 4253 Niebuhr.
958 4197 1006 4251 h.
1044 4197 1103 4252 R.
1141 4197 1164 4250 1
1198 4207 1369 4253 annot.
1411 4199 1561 4254 1157.
1603 4196 1917 4266 Schwegler.
1953 4197 2005 4254 h.
2040 4197 2100 4251 R.
2132 4196 2179 4252 11
2213 4212 2263 4264 p.
2306 4194 2421 4251 138.
