2967 4992
1206 324 1635 392 ...23-

272 491 448 566 Jum‘
467 494 533 578 ¹).
577 494 898 560 Eiusmodi
927 514 1089 581 ergo
1117 490 1334 561 librum
1362 496 1720 562 Plutarchus
1746 497 2070 581 intellegit,
2113 498 2216 562 uhi
2260 502 2552 578 quantum

294 613 638 690 temporum
682 607 910 670 rationi
952 605 1099 670 fidei
1144 606 1535 671 tribuendum
1578 607 1662 670 sit
1703 613 2060 689 quaeratur.
2129 606 2245 671 Cui
2290 607 2552 674 consilio

292 718 673 800 aptissimum
719 732 860 779 esse
904 715 1253 797 exemplum
1297 733 1332 779 a
1379 715 1712 780 Plutarcho
1758 715 2018 780 allatum·
2054 730 2235 779 nemo
2279 718 2555 801 negabit.

299 829 426 892 lam
471 827 684 908 quanti
724 826 850 888 sint
891 824 1219 890 faciendae
1264 822 1406 889 illae
1451 826 1855 889 coniecturae
1895 827 2321 907 unusquisque
2363 827 2553 894 videt.

296 937 526 1001 Carent
579 936 739 1000 enim
798 937 963 998 omni
1008 941 1182 999 certo
1228 933 1662 1017 fundamento,
1724 936 1845 998 nisi
1902 934 2067 999 forte
2125 934 2311 1016 inde,
2385 936 2552 1018 quod

296 1044 587 1112 Claudius
631 1047 1078 1129 Quadrigarius
1124 1064 1160 1108 a
1201 1044 1441 1110 Gallico
1483 1037 1778 1109 incendio
1820 1032 2005 1112 orsus
2052 1054 2206 1125 erat,
2252 1046 2555 1130 colligere

301 1157 566 1221 velimus
590 1200 611 1235 ‚
657 1157 790 1221 eius
831 1173 977 1221 esse
1018 1156 1277 1235 librum,
1339 1153 1420 1217 de
1474 1171 1601 1237 quo
1659 1155 1978 1236 loquimur.
2066 1155 2226 1220 Satis
2269 1157 2555 1240 ignotum

299 1273 503 1331 tamen
565 1268 731 1330 hunc
771 1266 1048 1332 Clodium
1091 1264 1286 1330 fuisse
1328 1265 1475 1329 inde
1498 1312 1518 1345 ‚
1586 1266 1704 1329 nisi
1746 1264 1931 1329 fallor
1956 1313 1974 1344 ‚
2037 1272 2332 1348 apparet,
2390 1268 2556 1348 quod

297 1374 397 1451 τῖς
440 1393 784 1458 pronomen
841 1377 1088 1440 additur
1140 1369 1278 1440 eiu's
1321 1376 1592 1455 nomini,
1657 1377 1823 1440 sicut
1879 1376 2105 1440 factum
2160 1383 2256 1441 est
2296 1378 2361 1441 in
2400 1376 2555 1444 Gaio

298 1484 566 1569 quodam
611 1486 839 1552 Pisone
878 1486 1034 1550 Plut.
1079 1486 1229 1552 Mar.
1272 1483 1381 1565 45,
1427 1483 1489 1551 5.

488 1596 750 1663 Publius
792 1598 1071 1662 Rutilius
1127 1595 1336 1674 Rufus
1399 1614 1632 1679 graeco
1697 1612 1986 1660 sermone
2043 1595 2359 1661 historiam
2421 1598 2556 1662 Ro-

288 1724 526 1772 manam
591 1705 870 1771 condidit
939 1706 1198 1782 (Athen.
1247 1706 1323 1769 lV
1364 1720 1508 1789 pag.
1556 1705 1680 1770 168
1724 1703 1845 1787 D),
1908 1707 2106 1786 patrio
2152 1706 2232 1769 de
2274 1709 2401 1771 vita
2442 1725 2557 1772 sua

296 1819 570 1901 scripsit,
616 1832 884 1899 quorum
928 1819 1303 1897 scriptorum
1347 1816 1456 1880 illo
1501 1815 1864 1880 Plutarchus
1902 1816 2147 1880 videtur
2189 1834 2340 1880 usus
2400 1834 2558 1885 esse.

289 1928 519 1991 Narrat
575 1927 737 1990 enim
800 1928 1063 2008 Pompei.
1122 1925 1230 2005 37,
1282 1923 1359 2005 3,
1418 1925 1714 1989 Rutilium
1776 1926 1838 1988 iu
1883 1926 2157 1990 historiis
2223 1929 2557 2009 improbis-

292 2038 517 2103 simum
581 2037 889 2101 hominem
957 2037 1420 2100 demonstrasse
1486 2037 1734 2116 Pompei
1799 2036 2005 2119 Magni
2069 2042 2319 2117 patrem.
2409 2039 2556 2106 Ideo

293 2149 398 2214 illa
440 2165 717 2232 quoque,
761 2164 922 2228 quae
982 2147 1270 2231 leguntur
1314 2147 1615 2212 Plutarch.
1662 2148 1814 2212 Mar.
1857 2147 1978 2226 28,
2019 2146 2093 2212 5:
2139 2140 2225 2221 ὥς
2268 2148 2338 2210 δὲ
2375 2144 2554 2210 Ῥου-

288 2257 492 2333 τίλιος
559 2257 840 2340 ἱστορεῖ,
900 2251 978 2318 τὰ
1037 2254 1155 2335 μὲν
1213 2249 1380 2319 ἄλλα
1450 2251 1811 2339 φιλαλήθης
1869 2254 2025 2342 ἀνὴρ
2087 2258 2196 2321 καί
2251 2257 2554 2342 χρηστός,

294 2364 425 2457 ἰδίᾳ
464 2370 537 2432 δέ
573 2369 660 2453 τῷ
708 2361 948 2450 ΙΗαρίῳ
991 2362 1524 2447 προςκεκρουκώς,
1571 2362 1796 2447 [φησὶν
1836 2364 1949 2443 ὡς]
2030 2366 2142 2433 καί
2204 2370 2315 2450 τῆς
2377 2369 2557 2451 ἕκτης

282 2474 511 2559 ἔτυχεν
550 2477 668 2561 (ιο.
714 2475 1004 2560 Μάριος)
1065 2471 1361 2548 ὑπατείας
1411 2466 1711 2557 ἀργύριον
1767 2479 1854 2550 εἰς
1914 2476 2025 2551 τὰς
2101 2477 2307 2562 φυλὰς
2368 2498 2557 2542 κατα-

168 2672 177 2677 ·
290 2586 506 2668 βαλών
549 2584 714 2652 πολὺ
759 2587 881 2650 καί·
907 2585 1246 2668 πριάμενος
1289 2582 1359 2646 τὸ
1408 2583 1740 2652 wranov
1786 2586 2125 2671 ἐκκροῦσαι
2186 2590 2298 2669 τῆς
2342 2588 2557 2673 ἀρχῆς,

297 2695 650 2783 Οὐαλέριον
711 2696 780 2763 δὲ
846 2695 1149 2763 Φλάκκον
1206 2690 1521 2776 ὑπηρέτην
1581 2697 1828 2774 μᾶλλον
1893 2691 1931 2780 ἢ
1993 2698 2558 2782 συνάρχοντα’“τῆς

296 2804 596 2884 ὑπατείας
641 2810 886 2888 λαβεῖν,
952 2808 1250 2872 historiae
1293 2814 1514 2871 nostro
1569 2808 1708 2871 iure
1754 2810 2154 2874 vindicamus.
2245 2810 2339 2874 De
2381 2813 2555 2875 veri-

298 2926 427 2983 tate
469 2925 671 2984 autem
716 2920 927 2983 Rutilii
970 2918 1328 2983 Plutarchus
1370 2918 1662 2982 iudicium
1706 2918 1919 2982 facere
1962 2938 2084 2984 non
2126 2923 2372 3001 potuit,
2438 2923 2557 2984 nisi

295 3045 486 3109 saepe
529 3030 821 3110 inspectis
865 3031 1001 3092 eius
1059 3029 1233 3092 libris
1302 3036 1602 3110 expertus
1642 3046 1777 3101 eam
1819 3036 2017 3106 esset3
2089 3030 2151 3093 id
2198 3031 2368 3112 quod
2412 3029 2556 3094 inde

297 3155 577 3221 quoque
614 3139 681 3204 fit
755 3155 907 3204 vero
988 3139 1183 3203 simile
1207 3184 1228 3219 ,
1304 3141 1470 3221 quod
1552 3158 1783 3225 graece
1856 3140 2117 3204 Rutilius
2198 3142 2555 3223 scripserat.

297 3251 368 3314 ln
431 3254 601 3313 tanta
663 3255 867 3315 tamen
940 3251 1428 3333 fragmentorum
1494 3252 1752 3330 penuria
1831 3249 1985 3313 nihil
2041 3252 2197 3313 certi
2269 3249 2558 3315 affirmari

297 3365 519 3441 potest.

467 3470 589 3536 lam
644 3451 722 3534 de
764 3472 838 3537 L.
886 3472 1168 3537 Cornelis·
1215 3472 1434 3536 Sullae
1495 3473 1957 3534 commentariis
2031 3471 2305 3534 dicamus
2368 3472 2556 3543 latina

295 3580 588 3665 linguam
631 3583 883 3665 scriptis
908 3629 927 3662 ‚
996 3583 1218 3664 quihus
1261 3599 1366 3646 res
1411 3601 1447 3645 a
1493 3598 1564 3645 se
1597 3589 1818 3668 ‘gestas
1865 3590 2258 3662 exposuerat.
2323 3582 2554 3664 Viginti

298 3693 426 3756 duo
470 3694 665 3758 libros
709 3695 767 3757 ei
809 3675 1228 3772 continebant}
1273 3710 1542 3774 quorum
1572 3693 1841 3756 ultimum
1874 3692 2156 3755 secundo
2204 3701 2347 3756 ante
2390 3710 2558 3757 mor-

502 3952 563 4020 1)
593 3952 836 4007 ‘Censura
872 3951 1075 4019 tempp.’
1107 3952 1260 4006 vertit
1293 3951 1424 4004 Roth
1478 3952 1532 4002 in
1570 3949 1746 4003 Salust.
1783 3948 1864 4001 ed.
1904 3944 2137 4002 Gerlach.
2176 3948 2306 4002 1853
2343 3964 2395 4016 p.
2431 3950 2552 4005 322.

499 4045 561 4114 2)
591 4045 792 4099 Heereu
846 4048 1047 4116 quidem
1095 4060 1282 4116 graece
1333 4045 1516 4101 Sullam
1564 4045 1829 4112 scripsisse
1876 4042 2089 4095 affirmat
2123 4042 2153 4094 Ι.
2189 4060 2231 4095 s.
2268 4061 2307 4096 s.
2348 4061 2394 4112 p.
2436 4046 2552 4109 151,

296 4141 393 4192 tria
431 4139 575 4194 Gellii
610 4142 681 4208 (Ι,
720 4142 802 4207 12,
844 4142 924 4196 16.
967 4141 1077 4207 XX,
1121 4143 1172 4206 6,
1206 4140 1270 4210 3)
1303 4152 1356 4195 et
1390 4141 1636 4195 Prisciani
1677 4138 1757 4208 (p.
1790 4137 1925 4193 864}
1972 4138 2254 4190 tammonis
2302 4138 2440 4191 nihili
2472 4140 2556 4191 fa-

299 4251 455 4293 810111·
