2967 4992
1288 294 1761 363 .—8—

444 468 930 546 miscuerit,
999 488 1137 532 cum
1183 487 1309 532 non
1355 469 1828 552 inte-Quintis,
1887 488 2010 551 quo
2065 471 2209 534 loco
2255 471 2409 541 'eius
2469 472 2707 553 operis,

442 579 621 641 cuius
665 577 821 640 libro
867 578 1143 641 secundo
1186 579 1508 642 Numantia
1538 581 2162 658 commemorabatur,
2208 580 2441 644 Lavinii
2473 584 2706 645 mentio

440 688 575 751 fieri
616 691 913 770 potuerit,
961 689 1234 771 denique
1281 708 1420 753 cum
1480 691 1586 752 illa
1648 692 1982 773 explicatio
2040 693 2104 754 in
2148 691 2434 774 Dionysii
2474 692 2633 757 libro
2677 693 2704 755 1

439 800 816 877 inveniatur,
848 800 1002 864 -huic
1045 801 1338 882 scriptori
1381 819 1515 864 eam
1562 803 1842 865 tribuere
1888 820 2016 866 non
2058 800 2292 867 dubito.

611 911 869 992 Reliqua
943 928 1094 973 vero
1162 910 1286 974 duo
1347 912 1692 994 fragmenta
1753 913 1918 994 apud
1979 913 2356 994 Stephanum
2425 929 2551 974 non
2610 917 2707 974 est

441 1038 628 1084 causa
673 1039 782 1085 cur
828 1021 1017 1085 lubae
1062 1038 1204 1084 esse
1246 1039 1568 1104 negemus,
1657 1024 1974 1087 Pertinent
2013 1024 2170 1086 haec
2209 1025 2350 1089 sine
2395 1023 2579 1086 dubio
2625 1021 2703 1089 ad

438 1132 502 1194 id
546 1149 702 1211 opus
743 1149 870 1213 quo
916 1134 1032 1194 tria
1074 1133 1176 1195 illa
1240 1132 1403 1213 apud
1446 1134 1838 1197 Plutarchum
1882 1135 1944 1199 n.
1989 1153 2042 1199 s.
2085 1152 2176 1199 ss.
2264 1135 2493 1203 Tamen
2536 1133 2705 1215 quod

436 1249 539 1306 est
576 1243 993 1326 fragmentum
1040 1244 1188 1307 Plut.
1233 1243 1474 1307 Sertor.
1521 1244 1583 1322 9,
1630 1243 1692 1306 id
1739 1250 1936 1309 utrum
1977 1262 2059 1309 ex
2107 1244 2225 1308 hac
2266 1245 2524 1311 historia
2570 1243 2704 1308 Ro-

436 1370 615 1417 mana
658 1373 757 1417 an·
787 1372 869 1417 ex
906 1354 1135 1435 Libyca
1184 1355 1473 1418 haustum
1523 1358 1606 1418 sit
1646 1354 1972 1419 diiudicari
2018 1358 2275 1437 nequit,
2338 1374 2456 1418 nec
2500 1356 2703 1436 magis

435 1464 604 1529 unde
642 1465 726 1528 sit
761 1465 1168 1548 fragmentum
1215 1466 1374 1546 apud
1419 1466 1644 1528 Athen.
1694 1467 1768 1528 Vl
1815 1483 1872 1546 p.
1914 1465 2041 1531 229
2090 1466 2155 1530 G.

606 1575 740 1639 Nec
780 1575 967 1638 lubae
1006 1576 1326 1640 historiam
1369 1575 1701 1641 Romanam
1764 1592 1799 1634 a
1845 1576 2161 1658 Stephano
2206 1574 2706 1658 archacologiam

437 1686 736 1767 appellari
781 1686 1154 1751 mirabimur.
1241 1687 1392 1749 Nam
1435 1692 1499 1748 ut
1538 1703 1721 1765 supra
1761 1688 1884 1751 iam
1930 1687 2058 1751 dixi
2101 1704 2305 1766 neque
2349 1684 2704 1767 Stephanus

436 1795 739 1860 discernit
792 1798 1090 1861 historiae
1146 1815 1359 1861 vocem
1417 1798 1495 1860 ab
1542 1797 2067 1879 archaeologiae,
2126 1788 2191 1860 et
2248 1797 2391 1861 iuba
2459 1798 2620 1859 libro
2665 1815 2702 1859 a

439 1907 621 1970 bellis
663 1909 906 1979 Punicis
951 1908 1267 1990 incipienti
1313 1909 1541 1989 optime
1583 1910 1676 1971 sic
1717 1909 2061 1971 inscribere
2104 1907 2337 1990 potuit,
2380 1908 2544 1969 sicut
2583 1907 2703 1969 'ra-2

438 2018 599 2081 citus
643 2034 894 2100 quoque
938 2019 1017 2083 ab
1062 2020 1333 2103 Augusti
1374 2021 1714 2100 principatu
1754 2038 1975 2084 novam
2007 2020 2314 2100 quandam
2363 1994 2704 2098 temporum

435 2130 665 2194 seriem
729 2132 1037 2211 incipiens
1081 2133 1512 2195 antecedentia
1557 2133 1764 2195 omnia
1809 2132 1913 2195 vix
1954 2129 2213 2194 saeculo
2261 2149 2297 2195 a
2341 2147 2458 2197 sua
2503 2134 2704 2194 aetate

437 2242 727 2306 distantia
770 2248 984 2307 vetera
1029 2243 1295 2323 appellat
1340 2262 1483 2306 ann.
1531 2245 1579 2321 l,
1628 2245 1657 2306 1
1706 2244 1814 2317 (cf.
1857 2242 2230 2307 Boetticher.
2292 2243 2414 2307 lex.
2453 2243 2600 2307 Tac.
2643 2261 2700 2322 p.

437 2351 614 2437 487).
705 2354 815 2419 Sin
856 2355 1001 2435 quis
1046 2355 1111 2417 in
1154 2372 1233 2418 eo
1279 2353 1587 2434 offendat,
1649 2352 1812 2434 quod
1870 2371 2023 2435 opus
2064 2355 2173 2417 vix
2214 2356 2585 2436 praeterita,
2638 2359 2707 2418 ut

439 2464 650 2530 Sullae
690 2482 796 2528 res
836 2473 1086 2548 gestas,
1147 2467 1564 2547 complectens
1610 2465 2046 2549 archaeologia
2090 2471 2396 2542 vocetur,
2443 2467 2497 2528 is
2543 2464 2705 2537 idem

437 2576 577 2639 fieri
617 2579 886 2659 cogitet,
946 2579 1187 2640 etiamsi
1229 2577 1548 2640 historiam
1592 2577 2163 2658 antiquissimorum
2209 2582 2549 2656 temporum
2595 2577 2702 2639 Iu-

438 2686 558 2750 bae
602 2684 1035 2751 concedamus.
1120 2687 1377 2768 Reliqua
1434 2696 1638 2751 autem
1701 2690 1888 2751 lubae
1946 2689 2293 2771 fragmenta
2337 2689 2503 2769 apud
2549 2689 2703 2753 Plu-

436 2797 715 2861 tarchum
759 2804 822 2861 et
864 2801 929 2862 in
977 2799 1118 2861 vitis
1162 2808 1225 2861 et
1270 2803 1334 2862 in
1377 2800 1839 2880 quaestionibus
1884 2800 2177 2862 Romanis
2226 2803 2496 2865 extantia
2538 2800 2698 2863 libro

437 2909 727 2973 videntur
765 2910 1166 2993 assignanda,
1213 2911 1319 2974 ubi
1360 2910 1521 2973 sicut
1563 2912 1629 2973 in
1668 2911 1997 2990 operibus,
2073 2927 2236 2991 quae
2278 2908 2451 2973 ai'm
2495 2910 2701 2975 nonti-

436 3026 683 3102 nentur,
725 3040 838 3086 cur
878 3040 1055 3086 suum
1100 3023 1336 3103 cuique
1379 3023 1476 3084 rei
1506 3038 1733 3085 nomen
1759 3019 1977 3105 ,datum
2009 3029 2202 3100 esset,
2245 3023 2696 3102 inquirebatur,

435 3137 502 3195 et
540 3132 708 3195 unde
746 3132 1018 3196 instituta
1065 3133 1350 3215 origines
1397 3132 1736 3197 traherent.
1796 3132 1955 3196 Huic
2000 3134 2282 3213 opinioni
2325 3136 2530 3195 omnia
2574 3133 2701 3194 fra-

438 3250 690 3325 gmenta
729 3242 962 3321 favent,
1008 3244 1190 3306 etiam
1231 3260 1391 3324 quae
1432 3244 1590 3307 Plut.
1620 3244 1795 3308 Rom.
1845 3243 1947 3321 14,
1979 3243 2019 3321 6
2066 3253 2129 3306 et
2164 3244 2265 3320 17,
2298 3242 2338 3309 5
2384 3245 2697 3326 leguntur.

437 3353 748 3424 Numerus
800 3353 963 3416 enim
1006 3360 1322 3434 raptarum
1382 3354 1746 3418 Sabinarum
1810 3357 2048 3436 optime·
2081 3357 2278 3434 potuit
2323 3355 2595 3437 proferri
2637 3357 2701 3417 in

439 3465 686 3527 nomine
729 3464 958 3528 Talasii
1001 3465 1184 3546 (Plut.
1228 3465 1400 3531 Rom.
1450 3463 1556 3546 15,
1602 3464 1718 3547 3),
1763 3467 1973 3546 opinio
2016 3466 2099 3529 de
2143 3466 2324 3546 culpa
2369 3467 2604 3548 Tarpei-
2635 3467 2699 3530 in

439 3575 693 3638 noniine
735 3575 960 3639 montis
1003 3575 1224 3656 Tarpei
1266 3575 1656 3656 explicando.

658 3685 930 3749 Historia
973 3686 1164 3769 igitur
1209 3688 1776 3766 antiquissimorum
1822 3694 2166 3767 temporum
2209 3707 2246 3751 a
2292 3689 2443 3755 Iuba
2467 3689 2698 3768 scripta

438 3795 830 3861 Plutarchum
869 3812 1053 3859 usum
1114 3813 1258 3860 esse
1300 3814 1427 3860 non
1472 3798 1959 3876 contendemus,
2003 3799 2143 3879 quia
2187 3816 2330 3862 num
2388 3799 2491 3862 ille
2532 3803 2698 3862 scri-

435 3908 637 3995 pserit
678 3909 1018 3973 nescimus.
1108 3905 1176 3971 Id
1241 3915 1445 3972 tamen
1492 3909 1760 3973 libenter
1804 3910 2126 3989 concedo,
2185 3926 2373 3989 saepe
2419 3911 2485 3972 in
2529 3912 2699 3991 anti-

435 4020 768 4104 quitatibus
809 4037 969 4101 quae
1032 4020 1321 4099 dicuntur
1368 4016 1745 4085 'enarrandis
1792 4018 2184 4084 Plutarchum
2245 4038 2386 4082 eum
2431 4016 2696 4115 adhibu-

435 4134 588 4214 isse,
645 4148 1008 4214 quamquam
1053 4149 1179 4195 non
1224 4130 1451 4212 ubique
1512 4133 1571 4196 ei
1630 4132 1997 4212 assentitur„
2040 4132 2116 4196 cf.
2175 4122 2325 4198 Plutss
2367 4128 2540 4198 Rom.
2591 4118 2697 4213 15,

437 4243 497 4311 3.
542 4242 719 4309 Num.¹
765 4241 869 4317 13,
913 4242 976 4309 6.
